TickTime,Symbol,Price,Volume
2021.08.03 04:03:04.22106343,USDCAD,1.251585,0
2021.08.03 04:03:05.22107359,USDCAD,1.251595,0
2021.08.03 04:03:05.22106875,USDCAD,1.25159,0
2021.08.03 04:03:05.22107453,USDCAD,1.25159,0
2021.08.03 04:03:05.22107609,USDCAD,1.25159,0
2021.08.03 04:03:06.22108296,USDCAD,1.251585,0
2021.08.03 04:03:15.22117421,AUDCAD,0.92208,0
2021.08.03 04:03:20.22122625,AUDCAD,0.922085,0
2021.08.03 04:03:24.22126546,AUDCAD,0.92208,0
2021.08.03 04:03:30.22132515,AUDCAD,0.922075,0
2021.08.03 04:03:34.22136484,USDCAD,1.251575,0
2021.08.03 04:03:34.22136484,AUDCAD,0.92208,0
2021.08.03 04:03:35.22137156,USDCAD,1.25157,0
2021.08.03 04:03:35.22136875,AUDCAD,0.922075,0
2021.08.03 04:03:36.22137968,USDCAD,1.251575,0
2021.08.03 04:03:36.22137671,USDCAD,1.251575,0
2021.08.03 04:03:36.22137734,AUDCAD,0.92208,0
2021.08.03 04:03:37.22139250,AUDCAD,0.922085,0
2021.08.03 04:03:37.22139390,USDCAD,1.25158,0
2021.08.03 04:03:38.22140453,USDCAD,1.25158,0
2021.08.03 04:03:38.22139843,USDCAD,1.251575,0
2021.08.03 04:03:40.22141890,USDCAD,1.25157,0
2021.08.03 04:03:40.22141750,USDCAD,1.251575,0
2021.08.03 04:03:40.22141750,AUDCAD,0.92208,0
2021.08.03 04:03:41.22142718,AUDCAD,0.922085,0
2021.08.03 04:03:47.22149343,AUDCAD,0.922075,0
2021.08.03 04:03:47.22148843,USDCAD,1.25156,0
2021.08.03 04:03:47.22149296,USDCAD,1.25157,0
2021.08.03 04:03:48.22150484,AUDCAD,0.92208,0
2021.08.03 04:03:48.22150359,AUDCAD,0.9220699999999999,0
2021.08.03 04:03:48.22150453,USDCAD,1.25156,0
2021.08.03 04:03:48.22150546,USDCAD,1.251605,0
2021.08.03 04:03:48.22150359,USDCAD,1.25156,0
2021.08.03 04:03:48.22150578,AUDCAD,0.9220999999999999,0
2021.08.03 04:03:49.22150718,USDCAD,1.251595,0
2021.08.03 04:03:49.22150843,USDCAD,1.25159,0
2021.08.03 04:03:49.22151281,USDCAD,1.251605,0
2021.08.03 04:03:55.22157453,AUDCAD,0.92211,0
2021.08.03 04:03:57.22159453,USDCAD,1.25161,0
2021.08.03 04:03:57.22159625,AUDCAD,0.9220999999999999,0
2021.08.03 04:03:58.22159750,AUDCAD,0.9221200000000001,0
2021.08.03 04:03:58.22160281,USDCAD,1.251605,0
2021.08.03 04:03:58.22159984,USDCAD,1.25159,0
2021.08.03 04:03:58.22159937,AUDCAD,0.92211,0
2021.08.03 04:04:00.22161875,USDCAD,1.251595,0
2021.08.03 04:04:01.22163125,AUDCAD,0.9220999999999999,0
2021.08.03 04:04:02.22164203,USDCAD,1.251585,0
2021.08.03 04:04:02.22164140,AUDCAD,0.922095,0
2021.08.03 04:04:02.22164062,AUDCAD,0.922105,0
2021.08.03 04:04:02.22164468,USDCAD,1.25158,0
2021.08.03 04:04:02.22163937,AUDCAD,0.92211,0
2021.08.03 04:04:02.22163937,USDCAD,1.2516,0
2021.08.03 04:04:03.22164703,USDCAD,1.251585,0
2021.08.03 04:04:03.22165640,AUDCAD,0.922075,0
2021.08.03 04:04:03.22165531,AUDCAD,0.92209,0
2021.08.03 04:04:03.22165640,USDCAD,1.251565,0
2021.08.03 04:04:03.22165531,USDCAD,1.251575,0
2021.08.03 04:04:04.22166375,USDCAD,1.25158,0
2021.08.03 04:04:04.22165750,USDCAD,1.251575,0
2021.08.03 04:04:04.22165781,AUDCAD,0.9220699999999999,0
2021.08.03 04:04:04.22165890,AUDCAD,0.9220649999999999,0
2021.08.03 04:04:04.22166375,AUDCAD,0.9220699999999999,0
2021.08.03 04:04:04.22165953,USDCAD,1.251565,0
2021.08.03 04:04:04.22166250,USDCAD,1.25157,0
2021.08.03 04:04:05.22167234,AUDCAD,0.9220649999999999,0
2021.08.03 04:04:05.22167250,USDCAD,1.25156,0
2021.08.03 04:04:05.22167343,AUDCAD,0.92206,0
2021.08.03 04:04:05.22167484,AUDCAD,0.9220699999999999,0
2021.08.03 04:04:05.22167562,USDCAD,1.25155,0
2021.08.03 04:04:06.22168343,USDCAD,1.251565,0
2021.08.03 04:04:07.22169093,AUDCAD,0.92206,0
2021.08.03 04:04:07.22169218,AUDCAD,0.922055,0
2021.08.03 04:04:19.22181593,AUDCAD,0.9220649999999999,0
2021.08.03 04:04:20.22182140,AUDCAD,0.92206,0
2021.08.03 04:04:21.22183531,AUDCAD,0.9220649999999999,0
2021.08.03 04:04:22.22183890,USDCAD,1.25156,0
2021.08.03 04:04:22.22183765,AUDCAD,0.92206,0
2021.08.03 04:04:22.22184296,AUDCAD,0.922045,0
2021.08.03 04:04:22.22183796,USDCAD,1.251555,0
2021.08.03 04:04:22.22183937,AUDCAD,0.92205,0
2021.08.03 04:04:23.22185578,AUDCAD,0.92205,0
2021.08.03 04:04:23.22185578,USDCAD,1.25157,0
2021.08.03 04:04:23.22185046,USDCAD,1.251555,0
2021.08.03 04:04:24.22186390,USDCAD,1.251605,0
2021.08.03 04:04:24.22185687,AUDCAD,0.9220699999999999,0
2021.08.03 04:04:24.22185750,USDCAD,1.25159,0
2021.08.03 04:04:25.22187046,AUDCAD,0.9220649999999999,0
2021.08.03 04:04:25.22187093,USDCAD,1.25159,0
2021.08.03 04:04:27.22189265,USDCAD,1.251585,0
2021.08.03 04:04:55.22217546,AUDCAD,0.922065,0
2021.08.03 04:04:56.22217843,USDCAD,1.251595,0
2021.08.03 04:04:56.22218375,AUDCAD,0.92205,0
2021.08.03 04:04:56.22218265,AUDCAD,0.9220550000000001,0
2021.08.03 04:04:56.22218312,USDCAD,1.2516,0
2021.08.03 04:04:56.22218125,AUDCAD,0.92206,0
2021.08.03 04:04:56.22218421,USDCAD,1.251615,0
2021.08.03 04:04:57.22219421,AUDCAD,0.92204,0
2021.08.03 04:04:58.22220171,AUDCAD,0.922045,0
2021.08.03 04:04:58.22220375,AUDCAD,0.92204,0
2021.08.03 04:05:00.22222062,AUDCAD,0.9220349999999999,0
2021.08.03 04:05:03.22225515,USDCAD,1.251635,0
2021.08.03 04:05:03.22225468,AUDCAD,0.92205,0
2021.08.03 04:05:03.22224937,AUDCAD,0.92204,0
2021.08.03 04:05:03.22225390,USDCAD,1.25163,0
2021.08.03 04:05:03.22224984,USDCAD,1.25162,0
2021.08.03 04:05:04.22225906,USDCAD,1.251635,0
2021.08.03 04:05:04.22226218,USDCAD,1.25164,0
2021.08.03 04:05:04.22225687,USDCAD,1.25164,0
2021.08.03 04:05:06.22228593,AUDCAD,0.92205,0
2021.08.03 04:05:06.22228078,AUDCAD,0.9220550000000001,0
2021.08.03 04:05:07.22228750,AUDCAD,0.9220550000000001,0
2021.08.03 04:05:07.22228875,AUDCAD,0.92206,0
2021.08.03 04:05:08.22230656,AUDCAD,0.9220550000000001,0
2021.08.03 04:05:10.22232265,AUDCAD,0.922075,0
2021.08.03 04:05:10.22232093,AUDCAD,0.92208,0
2021.08.03 04:05:10.22231984,AUDCAD,0.9220699999999999,0
2021.08.03 04:05:10.22232484,USDCAD,1.25163,0
2021.08.03 04:05:10.22232062,USDCAD,1.251635,0
2021.08.03 04:05:14.22236265,USDCAD,1.251615,0
2021.08.03 04:05:14.22236343,AUDCAD,0.9220699999999999,0
2021.08.03 04:05:14.22235812,USDCAD,1.25163,0
2021.08.03 04:05:14.22236031,USDCAD,1.251625,0
2021.08.03 04:05:14.22235703,USDCAD,1.251635,0
2021.08.03 04:05:14.22236500,AUDCAD,0.92206,0
2021.08.03 04:05:15.22236984,AUDCAD,0.9220550000000001,0
2021.08.03 04:05:16.22237734,USDCAD,1.25162,0
2021.08.03 04:05:17.22239125,USDCAD,1.251615,0
2021.08.03 04:05:18.22239812,AUDCAD,0.92205,0
2021.08.03 04:05:19.22241437,USDCAD,1.25162,0
2021.08.03 04:05:22.22244328,USDCAD,1.25164,0
2021.08.03 04:05:22.22244109,USDCAD,1.251625,0
2021.08.03 04:05:22.22244109,AUDCAD,0.922055,0
2021.08.03 04:05:23.22245203,USDCAD,1.251635,0
2021.08.03 04:05:23.22245062,AUDCAD,0.9220550000000001,0
2021.08.03 04:05:23.22245406,USDCAD,1.25163,0
2021.08.03 04:05:26.22248468,USDCAD,1.25164,0
2021.08.03 04:05:26.22248062,USDCAD,1.251635,0
2021.08.03 04:05:26.22248468,AUDCAD,0.9220649999999999,0
2021.08.03 04:05:28.22250031,AUDCAD,0.92206,0
2021.08.03 04:05:28.22250171,USDCAD,1.251635,0
2021.08.03 04:05:28.22250296,USDCAD,1.25163,0
2021.08.03 04:05:30.22252171,AUDCAD,0.92203,0
2021.08.03 04:05:30.22251921,AUDCAD,0.92206,0
2021.08.03 04:05:30.22252015,AUDCAD,0.92205,0
2021.08.03 04:05:30.22252500,USDCAD,1.251655,0
2021.08.03 04:05:30.22251921,USDCAD,1.25164,0
2021.08.03 04:05:30.22252031,USDCAD,1.25167,0
2021.08.03 04:05:30.22252156,USDCAD,1.25166,0
2021.08.03 04:05:31.22253500,AUDCAD,0.922025,0
2021.08.03 04:05:32.22254421,AUDCAD,0.9220200000000001,0
2021.08.03 04:05:32.22254546,AUDCAD,0.9220200000000001,0
2021.08.03 04:05:33.22254828,AUDCAD,0.922015,0
2021.08.03 04:05:34.22255828,AUDCAD,0.9220200000000001,0
2021.08.03 04:05:34.22255937,AUDCAD,0.9220349999999999,0
2021.08.03 04:05:34.22256031,AUDCAD,0.92204,0
2021.08.03 04:05:34.22256062,USDCAD,1.25165,0
2021.08.03 04:05:34.22255859,USDCAD,1.251645,0
2021.08.03 04:05:34.22255968,USDCAD,1.251655,0
2021.08.03 04:05:36.22257750,USDCAD,1.251655,0
2021.08.03 04:05:36.22258468,AUDCAD,0.922045,0
2021.08.03 04:05:37.22258796,AUDCAD,0.9220649999999999,0
2021.08.03 04:05:37.22258984,AUDCAD,0.92206,0
2021.08.03 04:05:37.22258703,AUDCAD,0.9220550000000001,0
2021.08.03 04:05:37.22258703,USDCAD,1.251645,0
2021.08.03 04:05:38.22260140,AUDCAD,0.9220649999999999,0
2021.08.03 04:05:38.22260140,USDCAD,1.25162,0
2021.08.03 04:05:39.22261156,AUDCAD,0.92206,0
2021.08.03 04:05:40.22262000,AUDCAD,0.9220649999999999,0
2021.08.03 04:05:41.22262921,AUDCAD,0.922055,0
2021.08.03 04:05:41.22263343,USDCAD,1.25161,0
2021.08.03 04:05:41.22262734,AUDCAD,0.92206,0
2021.08.03 04:05:41.22263203,USDCAD,1.251615,0
2021.08.03 04:05:41.22263453,AUDCAD,0.9220649999999999,0
2021.08.03 04:05:41.22263203,AUDCAD,0.9220550000000001,0
2021.08.03 04:05:43.22264875,USDCAD,1.251615,0
2021.08.03 04:05:43.22264968,AUDCAD,0.9220699999999999,0
2021.08.03 04:05:43.22264843,AUDCAD,0.92206,0
2021.08.03 04:05:43.22265656,AUDCAD,0.922075,0
2021.08.03 04:05:43.22265218,AUDCAD,0.922085,0
2021.08.03 04:05:43.22265656,USDCAD,1.25161,0
2021.08.03 04:05:43.22265203,USDCAD,1.25161,0
2021.08.03 04:05:43.22265437,USDCAD,1.251605,0
2021.08.03 04:05:44.22266109,AUDCAD,0.92208,0
2021.08.03 04:05:44.22266000,AUDCAD,0.922085,0
2021.08.03 04:05:44.22266515,USDCAD,1.25162,0
2021.08.03 04:05:44.22265812,USDCAD,1.251615,0
2021.08.03 04:05:44.22266343,AUDCAD,0.92209,0
2021.08.03 04:05:44.22266562,AUDCAD,0.922095,0
2021.08.03 04:05:45.22267562,AUDCAD,0.922085,0
2021.08.03 04:05:45.22266859,USDCAD,1.251625,0
2021.08.03 04:05:48.22270562,AUDCAD,0.922095,0
2021.08.03 04:05:48.22270593,USDCAD,1.251615,0
2021.08.03 04:05:49.22270687,AUDCAD,0.922095,0
2021.08.03 04:05:49.22270734,USDCAD,1.251615,0
2021.08.03 04:05:49.22271578,AUDCAD,0.92208,0
2021.08.03 04:05:51.22273328,USDCAD,1.25162,0
2021.08.03 04:05:51.22273046,AUDCAD,0.92213,0
2021.08.03 04:05:51.22272781,USDCAD,1.251625,0
2021.08.03 04:05:51.22272781,AUDCAD,0.9220900000000001,0
2021.08.03 04:05:51.22273328,AUDCAD,0.9221250000000001,0
2021.08.03 04:05:52.22273750,AUDCAD,0.92211,0
2021.08.03 04:05:54.22276484,AUDCAD,0.9221200000000001,0
2021.08.03 04:05:55.22277281,USDCAD,1.251575,0
2021.08.03 04:05:55.22276968,USDCAD,1.25158,0
2021.08.03 04:05:55.22276859,USDCAD,1.251575,0
2021.08.03 04:05:55.22276781,USDCAD,1.25159,0
2021.08.03 04:05:55.22276781,AUDCAD,0.922105,0
2021.08.03 04:05:55.22276859,AUDCAD,0.9220999999999999,0
2021.08.03 04:05:55.22277234,AUDCAD,0.9221,0
2021.08.03 04:05:55.22276984,AUDCAD,0.922105,0
2021.08.03 04:06:01.22283359,AUDCAD,0.9221,0
2021.08.03 04:06:01.22283140,AUDCAD,0.922095,0
2021.08.03 04:06:01.22282921,USDCAD,1.25157,0
2021.08.03 04:06:01.22283062,USDCAD,1.251575,0
2021.08.03 04:06:02.22284171,USDCAD,1.251565,0
2021.08.03 04:06:02.22283984,USDCAD,1.25157,0
2021.08.03 04:06:02.22284375,USDCAD,1.25154,0
2021.08.03 04:06:02.22284171,AUDCAD,0.92209,0
2021.08.03 04:06:02.22284546,AUDCAD,0.9221200000000001,0
2021.08.03 04:06:02.22283984,AUDCAD,0.922095,0
2021.08.03 04:06:02.22284281,AUDCAD,0.92214,0
2021.08.03 04:06:02.22284406,AUDCAD,0.922125,0
2021.08.03 04:06:03.22284765,AUDCAD,0.922115,0
2021.08.03 04:06:03.22285484,AUDCAD,0.92211,0
2021.08.03 04:06:04.22286343,AUDCAD,0.922115,0
2021.08.03 04:06:04.22286218,USDCAD,1.25155,0
2021.08.03 04:06:05.22287531,USDCAD,1.25155,0
2021.08.03 04:06:10.22292140,USDCAD,1.251555,0
2021.08.03 04:06:10.22292421,AUDCAD,0.922115,0
2021.08.03 04:06:10.22292140,AUDCAD,0.92211,0
2021.08.03 04:06:13.22294921,USDCAD,1.251555,0
2021.08.03 04:06:19.22301296,AUDCAD,0.92211,0
2021.08.03 04:06:19.22301281,USDCAD,1.25155,0
2021.08.03 04:06:19.22301156,AUDCAD,0.9221200000000001,0
2021.08.03 04:06:20.22302234,USDCAD,1.25155,0
2021.08.03 04:06:21.22303343,USDCAD,1.25156,0
2021.08.03 04:06:24.22306546,AUDCAD,0.922105,0
2021.08.03 04:06:26.22308453,USDCAD,1.251555,0
2021.08.03 04:06:27.22309421,USDCAD,1.25156,0
2021.08.03 04:06:27.22309609,AUDCAD,0.92211,0
2021.08.03 04:06:29.22311515,AUDCAD,0.922105,0
2021.08.03 04:06:30.22312171,AUDCAD,0.922085,0
2021.08.03 04:06:30.22312531,USDCAD,1.251565,0
2021.08.03 04:06:30.22312531,AUDCAD,0.9220999999999999,0
2021.08.03 04:06:30.22312031,AUDCAD,0.922095,0
2021.08.03 04:06:30.22311859,USDCAD,1.251555,0
2021.08.03 04:06:30.22312296,AUDCAD,0.922095,0
2021.08.03 04:06:31.22313484,USDCAD,1.25156,0
2021.08.03 04:06:36.22317671,AUDCAD,0.922085,0
2021.08.03 04:06:38.22320000,AUDCAD,0.922075,0
2021.08.03 04:06:38.22320578,AUDCAD,0.9220699999999999,0
2021.08.03 04:06:38.22320000,USDCAD,1.251565,0
2021.08.03 04:06:38.22320343,USDCAD,1.251575,0
2021.08.03 04:06:39.22321546,USDCAD,1.25158,0
2021.08.03 04:06:39.22320671,USDCAD,1.251575,0
2021.08.03 04:06:40.22321890,USDCAD,1.251575,0
2021.08.03 04:06:41.22323203,USDCAD,1.25157,0
2021.08.03 04:06:41.22323546,USDCAD,1.251575,0
2021.08.03 04:06:41.22323593,AUDCAD,0.92208,0
2021.08.03 04:06:42.22324406,AUDCAD,0.922075,0
2021.08.03 04:06:43.22324671,USDCAD,1.251585,0
2021.08.03 04:06:43.22325453,USDCAD,1.251585,0
2021.08.03 04:06:43.22324843,USDCAD,1.25158,0
2021.08.03 04:06:44.22325781,USDCAD,1.25158,0
2021.08.03 04:06:45.22327031,USDCAD,1.251585,0
2021.08.03 04:06:45.22327515,AUDCAD,0.92208,0
2021.08.03 04:06:45.22327515,USDCAD,1.25158,0
2021.08.03 04:06:47.22329578,USDCAD,1.25159,0
2021.08.03 04:06:47.22329031,USDCAD,1.251585,0
2021.08.03 04:06:47.22329593,AUDCAD,0.92209,0
2021.08.03 04:06:48.22330093,USDCAD,1.2516,0
2021.08.03 04:06:48.22330500,USDCAD,1.25159,0
2021.08.03 04:06:48.22329921,USDCAD,1.251595,0
2021.08.03 04:06:48.22330562,AUDCAD,0.92208,0
2021.08.03 04:06:49.22330828,USDCAD,1.25158,0
2021.08.03 04:06:49.22331343,USDCAD,1.251585,0
2021.08.03 04:06:49.22330765,AUDCAD,0.9220699999999999,0
2021.08.03 04:06:53.22335453,AUDCAD,0.922065,0
2021.08.03 04:06:53.22335453,USDCAD,1.25158,0
2021.08.03 04:06:54.22336453,USDCAD,1.25158,0
2021.08.03 04:06:54.22335703,AUDCAD,0.9220699999999999,0
2021.08.03 04:06:55.22337109,USDCAD,1.25158,0
2021.08.03 04:06:55.22336687,USDCAD,1.251575,0
2021.08.03 04:07:08.22350656,AUDCAD,0.92206,0
2021.08.03 04:07:12.22354109,USDCAD,1.251655,0
2021.08.03 04:07:12.22354250,USDCAD,1.25165,0
2021.08.03 04:07:12.22354031,AUDCAD,0.92206,0
2021.08.03 04:07:12.22354593,AUDCAD,0.9220649999999999,0
2021.08.03 04:07:12.22354609,USDCAD,1.25165,0
2021.08.03 04:07:12.22354500,USDCAD,1.251655,0
2021.08.03 04:07:12.22353921,AUDCAD,0.9220699999999999,0
2021.08.03 04:07:12.22354140,AUDCAD,0.922055,0
2021.08.03 04:07:12.22353968,USDCAD,1.25164,0
2021.08.03 04:07:13.22354750,AUDCAD,0.922075,0
2021.08.03 04:07:14.22356203,USDCAD,1.251655,0
2021.08.03 04:07:16.22357875,AUDCAD,0.9220649999999999,0
2021.08.03 04:07:16.22358593,USDCAD,1.251665,0
2021.08.03 04:07:16.22357906,USDCAD,1.251665,0
2021.08.03 04:07:16.22358265,USDCAD,1.25166,0
2021.08.03 04:07:17.22359593,USDCAD,1.25166,0
2021.08.03 04:07:17.22359640,AUDCAD,0.9220699999999999,0
2021.08.03 04:07:18.22360437,USDCAD,1.251665,0
2021.08.03 04:07:18.22360078,AUDCAD,0.92208,0
2021.08.03 04:07:22.22363984,USDCAD,1.25166,0
2021.08.03 04:07:23.22365312,USDCAD,1.251685,0
2021.08.03 04:07:23.22365187,USDCAD,1.251665,0
2021.08.03 04:07:23.22365250,AUDCAD,0.922085,0
2021.08.03 04:07:23.22365437,USDCAD,1.25168,0
2021.08.03 04:07:25.22366703,AUDCAD,0.9220900000000001,0
2021.08.03 04:07:30.22371812,AUDCAD,0.922095,0
2021.08.03 04:07:30.22372359,AUDCAD,0.9220900000000001,0
2021.08.03 04:07:30.22372593,AUDCAD,0.922095,0
2021.08.03 04:07:34.22376140,AUDCAD,0.9220900000000001,0
2021.08.03 04:07:35.22377359,AUDCAD,0.922095,0
2021.08.03 04:07:36.22378546,AUDCAD,0.922095,0
2021.08.03 04:07:36.22378093,AUDCAD,0.9220999999999999,0
2021.08.03 04:07:39.22380734,AUDCAD,0.9220999999999999,0
2021.08.03 04:07:41.22383265,AUDCAD,0.922095,0
2021.08.03 04:07:41.22383531,AUDCAD,0.9220900000000001,0
2021.08.03 04:07:42.22384500,AUDCAD,0.922085,0
2021.08.03 04:07:42.22384281,AUDCAD,0.922095,0
2021.08.03 04:07:42.22384296,USDCAD,1.251675,0
2021.08.03 04:07:42.22384375,AUDCAD,0.92209,0
2021.08.03 04:07:43.22385281,AUDCAD,0.922085,0
2021.08.03 04:07:43.22385515,AUDCAD,0.92209,0
2021.08.03 04:07:43.22384687,AUDCAD,0.92208,0
2021.08.03 04:07:43.22384843,AUDCAD,0.922085,0
2021.08.03 04:07:43.22385000,AUDCAD,0.92209,0
2021.08.03 04:07:44.22386125,AUDCAD,0.922085,0
2021.08.03 04:07:44.22386218,AUDCAD,0.92209,0
2021.08.03 04:07:44.22386203,USDCAD,1.25167,0
2021.08.03 04:07:45.22386812,USDCAD,1.251685,0
2021.08.03 04:07:49.22391203,USDCAD,1.251685,0
2021.08.03 04:07:49.22390828,USDCAD,1.25168,0
2021.08.03 04:07:50.22391734,AUDCAD,0.9220999999999999,0
2021.08.03 04:07:56.22397859,USDCAD,1.25168,0
2021.08.03 04:07:57.22399484,AUDCAD,0.922095,0
2021.08.03 04:07:57.22399531,USDCAD,1.251675,0
2021.08.03 04:08:00.22401750,AUDCAD,0.9220900000000001,0
2021.08.03 04:08:00.22401937,USDCAD,1.251675,0
2021.08.03 04:08:00.22401796,USDCAD,1.25167,0
2021.08.03 04:08:01.22403625,AUDCAD,0.9220999999999999,0
2021.08.03 04:08:01.22403031,AUDCAD,0.9220999999999999,0
2021.08.03 04:08:01.22403421,AUDCAD,0.922105,0
2021.08.03 04:08:01.22403093,USDCAD,1.25168,0
2021.08.03 04:08:02.22403843,AUDCAD,0.922105,0
2021.08.03 04:08:02.22404359,AUDCAD,0.922105,0
2021.08.03 04:08:02.22404140,AUDCAD,0.9220999999999999,0
2021.08.03 04:08:04.22405843,AUDCAD,0.9220999999999999,0
2021.08.03 04:08:04.22406046,AUDCAD,0.922105,0
2021.08.03 04:08:05.22407078,AUDCAD,0.922095,0
2021.08.03 04:08:05.22407281,AUDCAD,0.9220999999999999,0
2021.08.03 04:08:05.22406796,AUDCAD,0.9221,0
2021.08.03 04:08:05.22406937,AUDCAD,0.922095,0
2021.08.03 04:08:05.22406812,USDCAD,1.25167,0
2021.08.03 04:08:06.22407750,AUDCAD,0.922095,0
2021.08.03 04:08:10.22412218,AUDCAD,0.9221,0
2021.08.03 04:08:10.22412203,USDCAD,1.251675,0
2021.08.03 04:08:15.22416718,USDCAD,1.25169,0
2021.08.03 04:08:17.22419531,AUDCAD,0.92211,0
2021.08.03 04:08:19.22421093,USDCAD,1.251685,0
2021.08.03 04:08:19.22421156,AUDCAD,0.922105,0
2021.08.03 04:08:20.22421750,USDCAD,1.25169,0
2021.08.03 04:08:20.22421765,AUDCAD,0.92211,0
2021.08.03 04:08:21.22422750,USDCAD,1.251685,0
2021.08.03 04:08:21.22422718,AUDCAD,0.922105,0
2021.08.03 04:08:32.22433796,USDCAD,1.25168,0
2021.08.03 04:08:32.22434062,AUDCAD,0.9221,0
2021.08.03 04:08:33.22435421,AUDCAD,0.922105,0
2021.08.03 04:08:37.22438828,AUDCAD,0.9221,0
2021.08.03 04:08:37.22438828,USDCAD,1.251675,0
2021.08.03 04:08:44.22446406,USDCAD,1.25168,0
2021.08.03 04:08:45.22447468,USDCAD,1.251675,0
2021.08.03 04:08:47.22448875,USDCAD,1.25168,0
2021.08.03 04:08:50.22452375,AUDCAD,0.922105,0
2021.08.03 04:08:50.22452453,USDCAD,1.251675,0
2021.08.03 04:08:54.22456531,AUDCAD,0.9221250000000001,0
2021.08.03 04:08:54.22456593,USDCAD,1.251635,0
2021.08.03 04:08:54.22456531,USDCAD,1.25168,0
2021.08.03 04:08:55.22457000,AUDCAD,0.92213,0
2021.08.03 04:08:55.22457453,AUDCAD,0.9221349999999999,0
2021.08.03 04:08:55.22456750,AUDCAD,0.9221349999999999,0
2021.08.03 04:08:56.22458468,AUDCAD,0.92213,0
2021.08.03 04:08:57.22458859,AUDCAD,0.9221200000000001,0
2021.08.03 04:08:57.22458781,USDCAD,1.25163,0
2021.08.03 04:08:57.22458687,AUDCAD,0.9221349999999999,0
2021.08.03 04:09:02.22464078,AUDCAD,0.922115,0
2021.08.03 04:09:02.22464109,USDCAD,1.251615,0
2021.08.03 04:09:02.22464437,AUDCAD,0.922115,0
2021.08.03 04:09:03.22465640,AUDCAD,0.92211,0
2021.08.03 04:09:03.22465546,USDCAD,1.251615,0
2021.08.03 04:09:03.22465218,USDCAD,1.25162,0
2021.08.03 04:09:04.22466593,AUDCAD,0.9221200000000001,0
2021.08.03 04:09:04.22466609,USDCAD,1.251625,0
2021.08.03 04:09:04.22465937,USDCAD,1.251605,0
2021.08.03 04:09:04.22466187,USDCAD,1.25161,0
2021.08.03 04:09:04.22466234,AUDCAD,0.922115,0
2021.08.03 04:09:04.22466093,AUDCAD,0.92211,0
2021.08.03 04:09:04.22465921,AUDCAD,0.922115,0
2021.08.03 04:09:05.22467296,USDCAD,1.251615,0
2021.08.03 04:09:05.22466890,USDCAD,1.25162,0
2021.08.03 04:09:05.22467593,AUDCAD,0.9221,0
2021.08.03 04:09:05.22467593,USDCAD,1.251595,0
2021.08.03 04:09:05.22467328,AUDCAD,0.922115,0
2021.08.03 04:09:05.22467468,AUDCAD,0.922105,0
2021.08.03 04:09:06.22467734,AUDCAD,0.9221200000000001,0
2021.08.03 04:09:07.22469093,USDCAD,1.25163,0
2021.08.03 04:09:07.22468671,USDCAD,1.25161,0
2021.08.03 04:09:07.22469453,USDCAD,1.251635,0
2021.08.03 04:09:07.22468953,USDCAD,1.251625,0
2021.08.03 04:09:07.22468812,USDCAD,1.25162,0
2021.08.03 04:09:08.22470078,USDCAD,1.25163,0
2021.08.03 04:09:08.22470078,AUDCAD,0.9221349999999999,0
2021.08.03 04:09:08.22470203,USDCAD,1.251635,0
2021.08.03 04:09:11.22473578,USDCAD,1.251645,0
2021.08.03 04:09:11.22472843,USDCAD,1.25164,0
2021.08.03 04:09:11.22472859,AUDCAD,0.92213,0
2021.08.03 04:09:12.22473781,USDCAD,1.25164,0
2021.08.03 04:09:12.22474125,USDCAD,1.251645,0
2021.08.03 04:09:12.22474468,USDCAD,1.25164,0
2021.08.03 04:09:14.22476296,USDCAD,1.251635,0
2021.08.03 04:09:15.22476875,USDCAD,1.25164,0
2021.08.03 04:09:16.22478453,USDCAD,1.251635,0
2021.08.03 04:09:16.22478093,AUDCAD,0.9221349999999999,0
2021.08.03 04:09:16.22478593,USDCAD,1.25164,0
2021.08.03 04:09:20.22482468,AUDCAD,0.92213,0
2021.08.03 04:09:21.22483125,USDCAD,1.25164,0
2021.08.03 04:09:21.22482703,USDCAD,1.251645,0
2021.08.03 04:09:22.22484421,USDCAD,1.251645,0
2021.08.03 04:09:23.22485453,USDCAD,1.25164,0
2021.08.03 04:09:24.22486343,USDCAD,1.25164,0
2021.08.03 04:09:24.22485671,USDCAD,1.251645,0
2021.08.03 04:09:24.22486171,USDCAD,1.251635,0
2021.08.03 04:09:24.22485796,USDCAD,1.25164,0
2021.08.03 04:09:24.22486546,USDCAD,1.251635,0
2021.08.03 04:09:27.22488687,USDCAD,1.25164,0
2021.08.03 04:09:29.22491500,USDCAD,1.251635,0
2021.08.03 04:09:29.22491578,AUDCAD,0.9221349999999999,0
2021.08.03 04:09:30.22491906,AUDCAD,0.92213,0
2021.08.03 04:09:30.22492046,AUDCAD,0.9221250000000001,0
2021.08.03 04:09:30.22492171,AUDCAD,0.9221200000000001,0
2021.08.03 04:09:30.22492609,AUDCAD,0.9221250000000001,0
2021.08.03 04:09:30.22492312,USDCAD,1.25162,0
2021.08.03 04:09:30.22492609,USDCAD,1.251625,0
2021.08.03 04:09:30.22491906,USDCAD,1.251625,0
2021.08.03 04:09:34.22496375,AUDCAD,0.9221200000000001,0
2021.08.03 04:09:34.22496375,USDCAD,1.25162,0
2021.08.03 04:09:34.22496625,AUDCAD,0.922115,0
2021.08.03 04:09:36.22498281,USDCAD,1.251585,0
2021.08.03 04:09:36.22498171,AUDCAD,0.922105,0
2021.08.03 04:09:36.22498015,USDCAD,1.251595,0
2021.08.03 04:09:36.22498171,USDCAD,1.25159,0
2021.08.03 04:09:37.22499296,AUDCAD,0.9220999999999999,0
2021.08.03 04:09:37.22499000,USDCAD,1.25159,0
2021.08.03 04:09:38.22500250,USDCAD,1.251595,0
2021.08.03 04:09:38.22500234,AUDCAD,0.922105,0
2021.08.03 04:09:38.22500640,USDCAD,1.25159,0
2021.08.03 04:09:38.22500328,AUDCAD,0.9221200000000001,0
2021.08.03 04:09:39.22501218,AUDCAD,0.9221349999999999,0
2021.08.03 04:09:39.22501078,AUDCAD,0.92213,0
2021.08.03 04:09:40.22502562,AUDCAD,0.922145,0
2021.08.03 04:09:44.22506109,USDCAD,1.251595,0
2021.08.03 04:09:45.22507406,USDCAD,1.25159,0
2021.08.03 04:09:45.22507406,AUDCAD,0.922125,0
2021.08.03 04:09:45.22507062,AUDCAD,0.92213,0
2021.08.03 04:09:45.22506953,AUDCAD,0.9221349999999999,0
2021.08.03 04:09:46.22508359,USDCAD,1.2516,0
2021.08.03 04:09:46.22508359,AUDCAD,0.92213,0
2021.08.03 04:09:48.22510593,AUDCAD,0.92214,0
2021.08.03 04:09:49.22510953,USDCAD,1.251595,0
2021.08.03 04:09:49.22511656,AUDCAD,0.9221550000000001,0
2021.08.03 04:09:49.22510921,AUDCAD,0.92216,0
2021.08.03 04:09:49.22510734,AUDCAD,0.92215,0
2021.08.03 04:09:53.22515375,AUDCAD,0.92216,0
2021.08.03 04:09:54.22515671,USDCAD,1.2516,0
2021.08.03 04:09:54.22515781,AUDCAD,0.9221649999999999,0
2021.08.03 04:09:54.22515671,AUDCAD,0.9221550000000001,0
2021.08.03 04:09:54.22516031,USDCAD,1.251595,0
2021.08.03 04:09:55.22516843,AUDCAD,0.9221699999999999,0
2021.08.03 04:09:56.22517812,USDCAD,1.251585,0
2021.08.03 04:09:56.22517812,AUDCAD,0.92218,0
2021.08.03 04:09:57.22519609,AUDCAD,0.922175,0
2021.08.03 04:09:57.22519000,AUDCAD,0.92218,0
2021.08.03 04:09:57.22518828,AUDCAD,0.922185,0
2021.08.03 04:09:58.22519687,USDCAD,1.25159,0
2021.08.03 04:09:59.22521078,AUDCAD,0.92218,0
2021.08.03 04:09:59.22521656,USDCAD,1.251595,0
2021.08.03 04:09:59.22521312,AUDCAD,0.922175,0
2021.08.03 04:10:00.22522406,USDCAD,1.25161,0
2021.08.03 04:10:00.22522390,AUDCAD,0.92218,0
2021.08.03 04:10:01.22523281,USDCAD,1.251615,0
2021.08.03 04:10:01.22522812,USDCAD,1.25162,0
2021.08.03 04:10:04.22526531,USDCAD,1.251625,0
2021.08.03 04:10:04.22525812,AUDCAD,0.9221900000000001,0
2021.08.03 04:10:05.22527000,AUDCAD,0.922195,0
2021.08.03 04:10:05.22527468,USDCAD,1.25162,0
2021.08.03 04:10:05.22527234,AUDCAD,0.9222,0
2021.08.03 04:10:06.22528562,USDCAD,1.251625,0
2021.08.03 04:10:07.22528781,AUDCAD,0.9221950000000001,0
2021.08.03 04:10:07.22529234,USDCAD,1.251625,0
2021.08.03 04:10:07.22528890,USDCAD,1.25162,0
2021.08.03 04:10:08.22530453,USDCAD,1.25162,0
2021.08.03 04:10:09.22531515,USDCAD,1.251625,0
2021.08.03 04:10:10.22531859,AUDCAD,0.9222,0
2021.08.03 04:10:10.22532468,AUDCAD,0.9221950000000001,0
2021.08.03 04:10:10.22531671,USDCAD,1.25162,0
2021.08.03 04:10:10.22531781,USDCAD,1.251615,0
2021.08.03 04:10:14.22536250,AUDCAD,0.9222049999999999,0
2021.08.03 04:10:14.22535828,USDCAD,1.25163,0
2021.08.03 04:10:14.22536265,USDCAD,1.251625,0
2021.08.03 04:10:14.22535828,AUDCAD,0.9222,0
2021.08.03 04:10:16.22538593,USDCAD,1.25163,0
2021.08.03 04:10:16.22538593,AUDCAD,0.9222049999999999,0
2021.08.03 04:10:16.22538453,AUDCAD,0.9222,0
2021.08.03 04:10:18.22540578,USDCAD,1.25163,0
2021.08.03 04:10:18.22540031,AUDCAD,0.9222,0
2021.08.03 04:10:18.22540140,USDCAD,1.251625,0
2021.08.03 04:10:19.22541640,USDCAD,1.251625,0
2021.08.03 04:10:20.22542656,USDCAD,1.251615,0
2021.08.03 04:10:20.22542656,AUDCAD,0.922195,0
2021.08.03 04:10:21.22543453,AUDCAD,0.9222,0
2021.08.03 04:10:22.22544328,USDCAD,1.25162,0
2021.08.03 04:10:22.22544328,AUDCAD,0.9221950000000001,0
2021.08.03 04:10:23.22545296,USDCAD,1.251615,0
2021.08.03 04:10:25.22547640,USDCAD,1.25162,0
2021.08.03 04:10:25.22547625,AUDCAD,0.9221900000000001,0
2021.08.03 04:10:26.22548093,USDCAD,1.25163,0
2021.08.03 04:10:26.22547765,AUDCAD,0.9222,0
2021.08.03 04:10:27.22548984,USDCAD,1.251625,0
2021.08.03 04:10:29.22551265,AUDCAD,0.9221950000000001,0
2021.08.03 04:10:29.22551187,USDCAD,1.25163,0
2021.08.03 04:10:30.22552656,AUDCAD,0.9222,0
2021.08.03 04:10:31.22553062,AUDCAD,0.9221950000000001,0
2021.08.03 04:10:32.22553968,AUDCAD,0.9221950000000001,0
2021.08.03 04:10:32.22554171,AUDCAD,0.9222,0
2021.08.03 04:10:32.22553687,AUDCAD,0.9222,0
2021.08.03 04:10:33.22555156,AUDCAD,0.9221950000000001,0
2021.08.03 04:10:33.22555390,AUDCAD,0.9222,0
2021.08.03 04:10:34.22556390,AUDCAD,0.9221950000000001,0
2021.08.03 04:10:35.22556703,AUDCAD,0.9222,0
2021.08.03 04:10:38.22560015,USDCAD,1.251635,0
2021.08.03 04:10:39.22561656,USDCAD,1.251635,0
2021.08.03 04:10:39.22560812,USDCAD,1.251625,0
2021.08.03 04:10:39.22561296,AUDCAD,0.9222,0
2021.08.03 04:10:39.22560828,AUDCAD,0.9221950000000001,0
2021.08.03 04:10:42.22564156,AUDCAD,0.9222049999999999,0
2021.08.03 04:10:46.22568000,USDCAD,1.25163,0
2021.08.03 04:10:46.22568531,AUDCAD,0.922215,0
2021.08.03 04:10:46.22568000,AUDCAD,0.922215,0
2021.08.03 04:10:46.22568218,AUDCAD,0.92222,0
2021.08.03 04:10:47.22569250,USDCAD,1.251635,0
2021.08.03 04:10:47.22568828,AUDCAD,0.9222049999999999,0
2021.08.03 04:10:47.22569468,AUDCAD,0.92221,0
2021.08.03 04:10:47.22569406,USDCAD,1.251645,0
2021.08.03 04:10:47.22568703,AUDCAD,0.92221,0
2021.08.03 04:10:48.22570406,AUDCAD,0.922215,0
2021.08.03 04:10:48.22570531,AUDCAD,0.9222250000000001,0
2021.08.03 04:10:49.22571031,USDCAD,1.251655,0
2021.08.03 04:10:49.22570875,USDCAD,1.251645,0
2021.08.03 04:10:49.22571031,AUDCAD,0.9222399999999999,0
2021.08.03 04:10:49.22570859,AUDCAD,0.9222349999999999,0
2021.08.03 04:10:52.22573750,AUDCAD,0.922245,0
2021.08.03 04:10:53.22574890,USDCAD,1.25165,0
2021.08.03 04:10:53.22574921,AUDCAD,0.9222399999999999,0
2021.08.03 04:10:54.22576015,AUDCAD,0.922245,0
2021.08.03 04:10:54.22576625,AUDCAD,0.92225,0
2021.08.03 04:10:54.22576625,USDCAD,1.251675,0
2021.08.03 04:10:55.22576843,AUDCAD,0.92226,0
2021.08.03 04:10:55.22576734,AUDCAD,0.922255,0
2021.08.03 04:10:55.22577453,AUDCAD,0.922255,0
2021.08.03 04:10:55.22577640,USDCAD,1.25166,0
2021.08.03 04:10:55.22577406,USDCAD,1.251675,0
2021.08.03 04:10:56.22578531,AUDCAD,0.92225,0
2021.08.03 04:10:57.22578703,USDCAD,1.25167,0
2021.08.03 04:10:58.22579906,USDCAD,1.251675,0
2021.08.03 04:10:58.22579906,AUDCAD,0.922255,0
2021.08.03 04:10:59.22581468,USDCAD,1.251675,0
2021.08.03 04:10:59.22580984,USDCAD,1.25167,0
2021.08.03 04:10:59.22581031,AUDCAD,0.92226,0
2021.08.03 04:11:00.22581890,USDCAD,1.25167,0
2021.08.03 04:11:00.22582093,AUDCAD,0.922255,0
2021.08.03 04:11:00.22581937,AUDCAD,0.92225,0
2021.08.03 04:11:01.22583609,AUDCAD,0.92225,0
2021.08.03 04:11:02.22584156,USDCAD,1.251675,0
2021.08.03 04:11:02.22584078,AUDCAD,0.922245,0
2021.08.03 04:11:02.22584656,USDCAD,1.251685,0
2021.08.03 04:11:02.22583921,USDCAD,1.251665,0
2021.08.03 04:11:02.22583968,AUDCAD,0.922245,0
2021.08.03 04:11:02.22584031,USDCAD,1.25168,0
2021.08.03 04:11:03.22585093,USDCAD,1.25169,0
2021.08.03 04:11:03.22585203,AUDCAD,0.9222399999999999,0
2021.08.03 04:11:03.22584859,USDCAD,1.25168,0
2021.08.03 04:11:03.22584890,AUDCAD,0.922245,0
2021.08.03 04:11:07.22589171,AUDCAD,0.92225,0
2021.08.03 04:11:07.22589625,AUDCAD,0.922245,0
2021.08.03 04:11:07.22589375,AUDCAD,0.922255,0
2021.08.03 04:11:07.22589171,USDCAD,1.251685,0
2021.08.03 04:11:09.22591250,AUDCAD,0.922245,0
2021.08.03 04:11:09.22590953,AUDCAD,0.9222399999999999,0
2021.08.03 04:11:10.22591734,AUDCAD,0.9222399999999999,0
2021.08.03 04:11:13.22595437,USDCAD,1.2517,0
2021.08.03 04:11:13.22595312,AUDCAD,0.92225,0
2021.08.03 04:11:13.22595171,AUDCAD,0.922245,0
2021.08.03 04:11:13.22595234,USDCAD,1.2517,0
2021.08.03 04:11:13.22595093,USDCAD,1.25169,0
2021.08.03 04:11:20.22602437,USDCAD,1.251695,0
2021.08.03 04:11:20.22602312,AUDCAD,0.922255,0
2021.08.03 04:11:21.22602812,USDCAD,1.251685,0
2021.08.03 04:11:23.22605359,USDCAD,1.25169,0
2021.08.03 04:11:26.22607734,AUDCAD,0.92226,0
2021.08.03 04:11:28.22610171,USDCAD,1.251695,0
2021.08.03 04:11:29.22610984,USDCAD,1.25169,0
2021.08.03 04:11:29.22611093,USDCAD,1.251695,0
2021.08.03 04:11:29.22611453,USDCAD,1.25169,0
2021.08.03 04:11:30.22612015,USDCAD,1.251695,0
2021.08.03 04:11:30.22611843,USDCAD,1.25169,0
2021.08.03 04:11:30.22611687,USDCAD,1.251695,0
2021.08.03 04:11:35.22617140,USDCAD,1.25169,0
2021.08.03 04:11:35.22617484,USDCAD,1.25169,0
2021.08.03 04:11:35.22617390,USDCAD,1.251695,0
2021.08.03 04:11:39.22621078,AUDCAD,0.922265,0
2021.08.03 04:11:40.22621671,AUDCAD,0.92226,0
2021.08.03 04:11:42.22624531,USDCAD,1.251685,0
2021.08.03 04:11:45.22627453,USDCAD,1.25169,0
2021.08.03 04:11:46.22628156,USDCAD,1.251685,0
2021.08.03 04:11:47.22628781,USDCAD,1.251675,0
2021.08.03 04:11:54.22635812,AUDCAD,0.92225,0
2021.08.03 04:11:54.22635906,AUDCAD,0.922255,0
2021.08.03 04:11:54.22635812,USDCAD,1.25168,0
2021.08.03 04:11:54.22635906,USDCAD,1.25165,0
2021.08.03 04:11:55.22636890,AUDCAD,0.922275,0
2021.08.03 04:11:56.22637890,USDCAD,1.25166,0
2021.08.03 04:11:57.22639203,AUDCAD,0.92228,0
2021.08.03 04:11:57.22638875,USDCAD,1.251665,0
2021.08.03 04:11:59.22641578,AUDCAD,0.922285,0
2021.08.03 04:12:00.22642093,USDCAD,1.25167,0
2021.08.03 04:12:02.22644359,AUDCAD,0.922295,0
2021.08.03 04:12:02.22644484,USDCAD,1.25169,0
2021.08.03 04:12:02.22644359,USDCAD,1.25168,0
2021.08.03 04:12:03.22645203,USDCAD,1.25169,0
2021.08.03 04:12:03.22645015,USDCAD,1.251685,0
2021.08.03 04:12:03.22644859,USDCAD,1.251695,0
2021.08.03 04:12:04.22645671,USDCAD,1.251695,0
2021.08.03 04:12:04.22645781,USDCAD,1.251675,0
2021.08.03 04:12:07.22649187,USDCAD,1.25169,0
2021.08.03 04:12:09.22651500,USDCAD,1.25168,0
2021.08.03 04:12:09.22651375,USDCAD,1.251695,0
2021.08.03 04:12:11.22653171,USDCAD,1.251675,0
2021.08.03 04:12:14.22656531,USDCAD,1.25168,0
2021.08.03 04:12:19.22660843,USDCAD,1.251695,0
2021.08.03 04:12:19.22661187,AUDCAD,0.922285,0
2021.08.03 04:12:19.22660984,USDCAD,1.251695,0
2021.08.03 04:12:20.22662625,AUDCAD,0.922285,0
2021.08.03 04:12:21.22663187,AUDCAD,0.922285,0
2021.08.03 04:12:21.22663000,AUDCAD,0.92228,0
2021.08.03 04:12:24.22666625,AUDCAD,0.92228,0
2021.08.03 04:12:25.22666718,AUDCAD,0.922265,0
2021.08.03 04:12:25.22666875,AUDCAD,0.92225,0
2021.08.03 04:12:28.22670375,USDCAD,1.25172,0
2021.08.03 04:12:28.22670578,USDCAD,1.25169,0
2021.08.03 04:12:28.22670468,USDCAD,1.25171,0
2021.08.03 04:12:28.22670375,AUDCAD,0.922255,0
2021.08.03 04:12:29.22671031,USDCAD,1.251685,0
2021.08.03 04:12:30.22672453,USDCAD,1.251695,0
2021.08.03 04:12:32.22674078,AUDCAD,0.92223,0
2021.08.03 04:12:33.22674718,USDCAD,1.25169,0
2021.08.03 04:12:37.22679359,USDCAD,1.251695,0
2021.08.03 04:12:38.22680328,USDCAD,1.251705,0
2021.08.03 04:12:38.22680234,AUDCAD,0.9222250000000001,0
2021.08.03 04:12:38.22680218,USDCAD,1.25169,0
2021.08.03 04:12:40.22681890,AUDCAD,0.92223,0
2021.08.03 04:12:40.22682343,USDCAD,1.251705,0
2021.08.03 04:12:40.22682015,AUDCAD,0.92222,0
2021.08.03 04:12:40.22681968,USDCAD,1.251695,0
2021.08.03 04:12:41.22683390,AUDCAD,0.922215,0
2021.08.03 04:12:41.22683437,USDCAD,1.251695,0
2021.08.03 04:12:43.22684765,USDCAD,1.251705,0
2021.08.03 04:12:44.22685953,USDCAD,1.251695,0
2021.08.03 04:12:46.22687687,AUDCAD,0.92222,0
2021.08.03 04:12:46.22688453,USDCAD,1.251705,0
2021.08.03 04:12:46.22687859,AUDCAD,0.92222,0
2021.08.03 04:12:47.22689187,USDCAD,1.251695,0
2021.08.03 04:12:50.22692234,AUDCAD,0.9222250000000001,0
2021.08.03 04:12:50.22692234,USDCAD,1.251705,0
2021.08.03 04:12:54.22696015,USDCAD,1.2517,0
2021.08.03 04:12:54.22696468,USDCAD,1.25169,0
2021.08.03 04:12:54.22696140,USDCAD,1.251685,0
2021.08.03 04:12:55.22696984,AUDCAD,0.92221,0
2021.08.03 04:12:55.22696906,AUDCAD,0.92222,0
2021.08.03 04:12:55.22697593,USDCAD,1.25169,0
2021.08.03 04:12:55.22697078,USDCAD,1.251685,0
2021.08.03 04:12:55.22696906,USDCAD,1.251705,0
2021.08.03 04:12:58.22700031,AUDCAD,0.922215,0
2021.08.03 04:12:58.22700453,USDCAD,1.251685,0
2021.08.03 04:12:58.22700140,AUDCAD,0.92221,0
2021.08.03 04:12:58.22700031,USDCAD,1.251695,0
2021.08.03 04:12:59.22701125,USDCAD,1.251685,0
2021.08.03 04:12:59.22701421,USDCAD,1.25169,0
2021.08.03 04:12:59.22700953,USDCAD,1.25169,0
2021.08.03 04:12:59.22700687,USDCAD,1.25169,0
2021.08.03 04:12:59.22700828,USDCAD,1.251685,0
2021.08.03 04:13:00.22702375,USDCAD,1.25169,0
2021.08.03 04:13:00.22702187,USDCAD,1.251685,0
2021.08.03 04:13:01.22703468,USDCAD,1.251685,0
2021.08.03 04:13:01.22702687,AUDCAD,0.922215,0
2021.08.03 04:13:01.22703062,USDCAD,1.25169,0
2021.08.03 04:13:01.22702937,USDCAD,1.251685,0
2021.08.03 04:13:02.22704609,USDCAD,1.25169,0
2021.08.03 04:13:02.22704453,USDCAD,1.251685,0
2021.08.03 04:13:02.22704078,AUDCAD,0.922215,0
2021.08.03 04:13:02.22704281,USDCAD,1.25169,0
2021.08.03 04:13:02.22704312,AUDCAD,0.92222,0
2021.08.03 04:13:03.22705078,USDCAD,1.251695,0
2021.08.03 04:13:03.22705250,USDCAD,1.25169,0
2021.08.03 04:13:04.22706609,USDCAD,1.25169,0
2021.08.03 04:13:04.22706500,USDCAD,1.251695,0
2021.08.03 04:13:06.22707968,USDCAD,1.251695,0
2021.08.03 04:13:10.22712265,USDCAD,1.25169,0
2021.08.03 04:13:11.22712859,USDCAD,1.251695,0
2021.08.03 04:13:15.22717140,AUDCAD,0.922215,0
2021.08.03 04:13:16.22718406,USDCAD,1.251695,0
2021.08.03 04:13:16.22718296,USDCAD,1.25169,0
2021.08.03 04:13:16.22718546,USDCAD,1.25169,0
2021.08.03 04:13:17.22719000,USDCAD,1.251695,0
2021.08.03 04:13:19.22721625,AUDCAD,0.9222250000000001,0
2021.08.03 04:13:20.22722109,USDCAD,1.25172,0
2021.08.03 04:13:20.22721984,USDCAD,1.251705,0
2021.08.03 04:13:20.22721984,AUDCAD,0.922225,0
2021.08.03 04:13:20.22721750,AUDCAD,0.92222,0
2021.08.03 04:13:20.22722656,USDCAD,1.25171,0
2021.08.03 04:13:20.22722546,USDCAD,1.2517,0
2021.08.03 04:13:20.22722265,AUDCAD,0.922215,0
2021.08.03 04:13:20.22721796,USDCAD,1.2517,0
2021.08.03 04:13:24.22726203,AUDCAD,0.92222,0
2021.08.03 04:13:24.22726203,USDCAD,1.251705,0
2021.08.03 04:13:25.22726890,USDCAD,1.25178,0
2021.08.03 04:13:25.22726718,USDCAD,1.25174,0
2021.08.03 04:13:25.22726718,AUDCAD,0.922255,0
2021.08.03 04:13:25.22726843,AUDCAD,0.92226,0
2021.08.03 04:13:29.22731484,AUDCAD,0.9222600000000001,0
2021.08.03 04:13:29.22731484,USDCAD,1.25178,0
2021.08.03 04:13:29.22731640,USDCAD,1.251775,0
2021.08.03 04:13:30.22731984,USDCAD,1.251765,0
2021.08.03 04:13:32.22734171,USDCAD,1.25177,0
2021.08.03 04:13:32.22733937,USDCAD,1.25177,0
2021.08.03 04:13:32.22734046,USDCAD,1.251765,0
2021.08.03 04:13:33.22735500,AUDCAD,0.922215,0
2021.08.03 04:13:33.22735000,USDCAD,1.251785,0
2021.08.03 04:13:33.22734812,AUDCAD,0.9222399999999999,0
2021.08.03 04:13:33.22734687,USDCAD,1.251785,0
2021.08.03 04:13:33.22734718,AUDCAD,0.922265,0
2021.08.03 04:13:33.22734796,USDCAD,1.25179,0
2021.08.03 04:13:33.22735296,AUDCAD,0.922235,0
2021.08.03 04:13:36.22737734,AUDCAD,0.92221,0
2021.08.03 04:13:38.22739953,AUDCAD,0.922215,0
2021.08.03 04:13:39.22741656,AUDCAD,0.92222,0
2021.08.03 04:13:42.22744062,AUDCAD,0.922225,0
2021.08.03 04:13:43.22745296,USDCAD,1.251785,0
2021.08.03 04:13:43.22745515,USDCAD,1.25178,0
2021.08.03 04:13:43.22745312,AUDCAD,0.92222,0
2021.08.03 04:13:43.22745468,AUDCAD,0.922225,0
2021.08.03 04:13:43.22745375,USDCAD,1.25177,0
2021.08.03 04:13:44.22745875,USDCAD,1.251765,0
2021.08.03 04:13:45.22747015,USDCAD,1.251785,0
2021.08.03 04:13:45.22747546,AUDCAD,0.92222,0
2021.08.03 04:13:45.22746734,USDCAD,1.25178,0
2021.08.03 04:13:51.22753500,USDCAD,1.251775,0
2021.08.03 04:13:51.22753500,AUDCAD,0.922215,0
2021.08.03 04:13:52.22754484,USDCAD,1.25178,0
2021.08.03 04:13:52.22754156,USDCAD,1.251785,0
2021.08.03 04:13:52.22754546,AUDCAD,0.92222,0
2021.08.03 04:13:52.22754453,AUDCAD,0.922225,0
2021.08.03 04:13:53.22754906,USDCAD,1.25177,0
2021.08.03 04:13:54.22755906,USDCAD,1.251765,0
2021.08.03 04:13:55.22757421,AUDCAD,0.92221,0
2021.08.03 04:13:55.22757421,USDCAD,1.25177,0
2021.08.03 04:13:56.22758593,USDCAD,1.25177,0
2021.08.03 04:13:56.22757750,USDCAD,1.251765,0
2021.08.03 04:13:57.22758781,USDCAD,1.251765,0
2021.08.03 04:14:00.22762015,USDCAD,1.25176,0
2021.08.03 04:14:01.22763390,AUDCAD,0.9222049999999999,0
2021.08.03 04:14:01.22763390,USDCAD,1.251765,0
2021.08.03 04:14:01.22763500,USDCAD,1.25177,0
2021.08.03 04:14:01.22763500,AUDCAD,0.92221,0
2021.08.03 04:14:02.22764062,USDCAD,1.25175,0
2021.08.03 04:14:02.22764109,AUDCAD,0.922195,0
2021.08.03 04:14:02.22763953,USDCAD,1.251765,0
2021.08.03 04:14:02.22764171,USDCAD,1.251735,0
2021.08.03 04:14:02.22764000,AUDCAD,0.92222,0
2021.08.03 04:14:02.22764328,USDCAD,1.25175,0
2021.08.03 04:14:04.22766078,AUDCAD,0.9222049999999999,0
2021.08.03 04:14:04.22766437,USDCAD,1.25176,0
2021.08.03 04:14:05.22767421,USDCAD,1.25175,0
2021.08.03 04:14:07.22769015,AUDCAD,0.922215,0
2021.08.03 04:14:08.22770453,USDCAD,1.25175,0
2021.08.03 04:14:08.22769984,USDCAD,1.251755,0
2021.08.03 04:14:08.22769984,AUDCAD,0.922215,0
2021.08.03 04:14:09.22771359,AUDCAD,0.922215,0
2021.08.03 04:14:09.22771640,AUDCAD,0.92223,0
2021.08.03 04:14:09.22771359,USDCAD,1.251745,0
2021.08.03 04:14:10.22771812,USDCAD,1.251725,0
2021.08.03 04:14:10.22772531,AUDCAD,0.922235,0
2021.08.03 04:14:10.22772218,USDCAD,1.25173,0
2021.08.03 04:14:11.22773046,USDCAD,1.251725,0
2021.08.03 04:14:11.22773578,USDCAD,1.25172,0
2021.08.03 04:14:13.22775218,USDCAD,1.251725,0
2021.08.03 04:14:13.22774671,USDCAD,1.25173,0
2021.08.03 04:14:13.22775546,USDCAD,1.25173,0
2021.08.03 04:14:16.22778484,USDCAD,1.251725,0
2021.08.03 04:14:16.22778593,AUDCAD,0.92223,0
2021.08.03 04:14:19.22781437,AUDCAD,0.922235,0
2021.08.03 04:14:21.22783125,USDCAD,1.25172,0
2021.08.03 04:14:21.22783437,USDCAD,1.251715,0
2021.08.03 04:14:21.22783125,AUDCAD,0.9222399999999999,0
2021.08.03 04:14:21.22783640,USDCAD,1.25172,0
2021.08.03 04:14:22.22784078,AUDCAD,0.922235,0
2021.08.03 04:14:26.22788593,AUDCAD,0.9222399999999999,0
2021.08.03 04:14:27.22789234,USDCAD,1.251725,0
2021.08.03 04:14:30.22791718,USDCAD,1.25172,0
2021.08.03 04:14:31.22793140,USDCAD,1.251725,0
2021.08.03 04:14:31.22793656,USDCAD,1.25171,0
2021.08.03 04:14:31.22793140,AUDCAD,0.922235,0
2021.08.03 04:14:31.22793468,USDCAD,1.251715,0
2021.08.03 04:14:32.22794609,USDCAD,1.251705,0
2021.08.03 04:14:34.22796046,USDCAD,1.2517,0
2021.08.03 04:14:34.22795843,USDCAD,1.251705,0
2021.08.03 04:14:35.22796968,USDCAD,1.251705,0
2021.08.03 04:14:36.22798468,USDCAD,1.25171,0
2021.08.03 04:14:39.22801140,USDCAD,1.25171,0
2021.08.03 04:14:39.22801437,USDCAD,1.251715,0
2021.08.03 04:14:40.22801765,USDCAD,1.25171,0
2021.08.03 04:14:51.22813468,USDCAD,1.25171,0
2021.08.03 04:14:51.22813140,USDCAD,1.251715,0
2021.08.03 04:14:57.22819250,USDCAD,1.251705,0
2021.08.03 04:15:00.22822078,AUDCAD,0.92223,0
2021.08.03 04:15:01.22823062,USDCAD,1.25171,0
2021.08.03 04:15:01.22823484,USDCAD,1.251705,0
2021.08.03 04:15:02.22823828,USDCAD,1.25171,0
2021.08.03 04:15:03.22825421,USDCAD,1.251705,0
2021.08.03 04:15:05.22827218,USDCAD,1.251705,0
2021.08.03 04:15:05.22827125,USDCAD,1.25171,0
2021.08.03 04:15:06.22828062,AUDCAD,0.922225,0
2021.08.03 04:15:06.22828062,USDCAD,1.251695,0
2021.08.03 04:15:12.22834312,AUDCAD,0.922215,0
2021.08.03 04:15:12.22834468,AUDCAD,0.9222049999999999,0
2021.08.03 04:15:13.22834875,AUDCAD,0.9221999999999999,0
2021.08.03 04:15:13.22835000,AUDCAD,0.9222,0
2021.08.03 04:15:14.22836031,USDCAD,1.251705,0
2021.08.03 04:15:14.22836609,AUDCAD,0.922185,0
2021.08.03 04:15:14.22835828,USDCAD,1.2517,0
2021.08.03 04:15:14.22835906,AUDCAD,0.9221900000000001,0
2021.08.03 04:15:14.22836609,USDCAD,1.2517,0
2021.08.03 04:15:15.22837656,USDCAD,1.251715,0
2021.08.03 04:15:15.22836687,AUDCAD,0.922175,0
2021.08.03 04:15:15.22837359,AUDCAD,0.9221699999999999,0
2021.08.03 04:15:15.22837187,AUDCAD,0.92218,0
2021.08.03 04:15:15.22836812,USDCAD,1.25172,0
2021.08.03 04:15:15.22837000,USDCAD,1.251725,0
2021.08.03 04:15:15.22837343,USDCAD,1.25172,0
2021.08.03 04:15:15.22836812,AUDCAD,0.92218,0
2021.08.03 04:15:15.22837031,AUDCAD,0.922175,0
2021.08.03 04:15:16.22838218,USDCAD,1.25172,0
2021.08.03 04:15:16.22837718,AUDCAD,0.922175,0
2021.08.03 04:15:17.22839062,USDCAD,1.25172,0
2021.08.03 04:15:17.22838734,USDCAD,1.251715,0
2021.08.03 04:15:18.22839781,USDCAD,1.251725,0
2021.08.03 04:15:18.22840343,AUDCAD,0.92218,0
2021.08.03 04:15:19.22840890,AUDCAD,0.922175,0
2021.08.03 04:15:19.22841015,AUDCAD,0.92215,0
2021.08.03 04:15:19.22841562,AUDCAD,0.9221699999999999,0
2021.08.03 04:15:21.22842921,AUDCAD,0.92216,0
2021.08.03 04:15:21.22842734,USDCAD,1.25172,0
2021.08.03 04:15:22.22844578,USDCAD,1.251725,0
2021.08.03 04:15:23.22845140,AUDCAD,0.9221699999999999,0
2021.08.03 04:15:26.22848031,USDCAD,1.25172,0
2021.08.03 04:15:29.22850906,AUDCAD,0.92216,0
2021.08.03 04:15:29.22851218,USDCAD,1.251715,0
2021.08.03 04:15:32.22854593,USDCAD,1.25172,0
2021.08.03 04:15:33.22855562,USDCAD,1.25173,0
2021.08.03 04:15:33.22855250,USDCAD,1.251725,0
2021.08.03 04:15:36.22858000,USDCAD,1.251725,0
2021.08.03 04:15:38.22859875,USDCAD,1.25172,0
2021.08.03 04:15:41.22862953,USDCAD,1.25171,0
2021.08.03 04:15:41.22863218,USDCAD,1.251715,0
2021.08.03 04:15:41.22863359,USDCAD,1.25171,0
2021.08.03 04:15:42.22864500,USDCAD,1.25172,0
2021.08.03 04:15:42.22864234,USDCAD,1.251715,0
2021.08.03 04:15:46.22868437,USDCAD,1.251715,0
2021.08.03 04:15:47.22868875,USDCAD,1.25173,0
2021.08.03 04:15:47.22868687,AUDCAD,0.9221699999999999,0
2021.08.03 04:15:47.22868687,USDCAD,1.25172,0
2021.08.03 04:15:48.22870562,USDCAD,1.251725,0
2021.08.03 04:15:49.22871640,USDCAD,1.251725,0
2021.08.03 04:15:49.22871140,USDCAD,1.25173,0
2021.08.03 04:15:50.22871703,AUDCAD,0.92216,0
2021.08.03 04:15:50.22872593,AUDCAD,0.92218,0
2021.08.03 04:15:50.22871828,AUDCAD,0.922175,0
2021.08.03 04:15:51.22873187,USDCAD,1.25172,0
2021.08.03 04:15:51.22872734,USDCAD,1.25172,0
2021.08.03 04:15:51.22872890,USDCAD,1.251725,0
2021.08.03 04:15:53.22874718,AUDCAD,0.9221900000000001,0
2021.08.03 04:15:53.22875093,USDCAD,1.25171,0
2021.08.03 04:15:53.22874750,USDCAD,1.251715,0
2021.08.03 04:15:54.22875687,USDCAD,1.251705,0
2021.08.03 04:15:57.22879531,USDCAD,1.25169,0
2021.08.03 04:15:57.22878859,AUDCAD,0.922175,0
2021.08.03 04:15:57.22879640,AUDCAD,0.92218,0
2021.08.03 04:15:57.22879515,AUDCAD,0.9221699999999999,0
2021.08.03 04:15:57.22878859,USDCAD,1.2517,0
2021.08.03 04:15:58.22880406,USDCAD,1.251705,0
2021.08.03 04:15:59.22881296,USDCAD,1.251695,0
2021.08.03 04:16:03.22885562,AUDCAD,0.922175,0
2021.08.03 04:16:05.22887546,AUDCAD,0.92218,0
2021.08.03 04:16:05.22887437,USDCAD,1.2517,0
2021.08.03 04:16:06.22887671,USDCAD,1.25172,0
2021.08.03 04:16:06.22887671,AUDCAD,0.9221699999999999,0
2021.08.03 04:16:06.22888359,USDCAD,1.251715,0
2021.08.03 04:16:07.22888718,USDCAD,1.25171,0
2021.08.03 04:16:13.22895125,USDCAD,1.251705,0
2021.08.03 04:16:13.22894703,AUDCAD,0.922175,0
2021.08.03 04:16:13.22894703,USDCAD,1.251715,0
2021.08.03 04:16:14.22896375,AUDCAD,0.9221699999999999,0
2021.08.03 04:16:14.22896343,USDCAD,1.25171,0
2021.08.03 04:16:16.22898453,AUDCAD,0.9221550000000001,0
2021.08.03 04:16:16.22897875,AUDCAD,0.922165,0
2021.08.03 04:16:16.22898109,AUDCAD,0.9221699999999999,0
2021.08.03 04:16:16.22898234,AUDCAD,0.92215,0
2021.08.03 04:16:16.22897968,USDCAD,1.251705,0
2021.08.03 04:16:16.22898109,USDCAD,1.251705,0
2021.08.03 04:16:17.22898703,USDCAD,1.2517,0
2021.08.03 04:16:17.22899031,USDCAD,1.251705,0
2021.08.03 04:16:17.22899359,USDCAD,1.25171,0
2021.08.03 04:16:17.22899593,USDCAD,1.25169,0
2021.08.03 04:16:17.22898750,AUDCAD,0.9221600000000001,0
2021.08.03 04:16:17.22899109,AUDCAD,0.922175,0
2021.08.03 04:16:17.22899437,AUDCAD,0.922165,0
2021.08.03 04:16:18.22900359,USDCAD,1.25169,0
2021.08.03 04:16:18.22900125,USDCAD,1.251705,0
2021.08.03 04:16:18.22899781,USDCAD,1.2517,0
2021.08.03 04:16:18.22900531,AUDCAD,0.92218,0
2021.08.03 04:16:18.22899781,AUDCAD,0.9221699999999999,0
2021.08.03 04:16:18.22900546,USDCAD,1.2517,0
2021.08.03 04:16:19.22901390,USDCAD,1.2517,0
2021.08.03 04:16:19.22900906,USDCAD,1.251695,0
2021.08.03 04:16:20.22902265,USDCAD,1.25171,0
2021.08.03 04:16:20.22902484,USDCAD,1.251705,0
2021.08.03 04:16:21.22903156,USDCAD,1.25169,0
2021.08.03 04:16:21.22903000,USDCAD,1.2517,0
2021.08.03 04:16:21.22903203,AUDCAD,0.9221699999999999,0
2021.08.03 04:16:21.22903328,USDCAD,1.2517,0
2021.08.03 04:16:22.22904640,AUDCAD,0.922175,0
2021.08.03 04:16:22.22904140,USDCAD,1.25169,0
2021.08.03 04:16:22.22904640,USDCAD,1.251695,0
2021.08.03 04:16:23.22905312,USDCAD,1.25168,0
2021.08.03 04:16:23.22904859,AUDCAD,0.9221999999999999,0
2021.08.03 04:16:23.22904734,AUDCAD,0.9222049999999999,0
2021.08.03 04:16:23.22904953,AUDCAD,0.9221900000000001,0
2021.08.03 04:16:23.22904734,USDCAD,1.251665,0
2021.08.03 04:16:23.22904906,USDCAD,1.251675,0
2021.08.03 04:16:23.22905312,AUDCAD,0.922195,0
2021.08.03 04:16:23.22905484,USDCAD,1.251685,0
2021.08.03 04:16:24.22905796,USDCAD,1.25168,0
2021.08.03 04:16:24.22905812,AUDCAD,0.9222,0
2021.08.03 04:16:24.22906140,USDCAD,1.251685,0
2021.08.03 04:16:26.22908484,AUDCAD,0.922215,0
2021.08.03 04:16:26.22908484,USDCAD,1.251695,0
2021.08.03 04:16:26.22907906,AUDCAD,0.92222,0
2021.08.03 04:16:27.22909500,USDCAD,1.2517,0
2021.08.03 04:16:27.22909484,AUDCAD,0.92222,0
2021.08.03 04:16:28.22910468,USDCAD,1.251705,0
2021.08.03 04:16:28.22909796,USDCAD,1.251705,0
2021.08.03 04:16:28.22910312,AUDCAD,0.92223,0
2021.08.03 04:16:28.22909703,AUDCAD,0.922225,0
2021.08.03 04:16:28.22910156,USDCAD,1.25171,0
2021.08.03 04:16:29.22910812,AUDCAD,0.922225,0
2021.08.03 04:16:29.22910953,USDCAD,1.25171,0
2021.08.03 04:16:30.22911734,USDCAD,1.251705,0
2021.08.03 04:16:30.22912062,USDCAD,1.25171,0
2021.08.03 04:16:31.22913578,USDCAD,1.251705,0
2021.08.03 04:16:32.22913781,USDCAD,1.2517,0
2021.08.03 04:16:34.22916015,AUDCAD,0.92226,0
2021.08.03 04:16:34.22915687,USDCAD,1.25169,0
2021.08.03 04:16:34.22915953,USDCAD,1.251695,0
2021.08.03 04:16:34.22915875,AUDCAD,0.922245,0
2021.08.03 04:16:34.22915687,AUDCAD,0.92225,0
2021.08.03 04:16:37.22918718,USDCAD,1.2517,0
2021.08.03 04:16:37.22918984,AUDCAD,0.92225,0
2021.08.03 04:16:37.22918781,AUDCAD,0.922255,0
2021.08.03 04:16:37.22918718,AUDCAD,0.92227,0
2021.08.03 04:16:37.22918921,USDCAD,1.251695,0
2021.08.03 04:16:37.22919031,USDCAD,1.25169,0
2021.08.03 04:16:39.22921468,USDCAD,1.251695,0
2021.08.03 04:16:40.22922125,USDCAD,1.25169,0
2021.08.03 04:16:40.22922312,USDCAD,1.2517,0
2021.08.03 04:16:41.22923171,AUDCAD,0.922255,0
2021.08.03 04:16:41.22923312,AUDCAD,0.92228,0
2021.08.03 04:16:44.22925703,AUDCAD,0.9222900000000001,0
2021.08.03 04:16:44.22926406,AUDCAD,0.92228,0
2021.08.03 04:16:46.22928453,AUDCAD,0.922285,0
2021.08.03 04:16:46.22927875,AUDCAD,0.9222900000000001,0
2021.08.03 04:16:49.22931640,AUDCAD,0.9222900000000001,0
2021.08.03 04:16:51.22932796,AUDCAD,0.92228,0
2021.08.03 04:16:52.22934046,USDCAD,1.2517,0
2021.08.03 04:16:52.22934078,AUDCAD,0.922275,0
2021.08.03 04:16:52.22933703,USDCAD,1.251705,0
2021.08.03 04:16:52.22933796,AUDCAD,0.92228,0
2021.08.03 04:16:56.22938500,AUDCAD,0.922275,0
2021.08.03 04:16:56.22938375,USDCAD,1.2517,0
2021.08.03 04:16:56.22938281,USDCAD,1.251705,0
2021.08.03 04:16:56.22938281,AUDCAD,0.92228,0
2021.08.03 04:16:57.22938718,USDCAD,1.251705,0
2021.08.03 04:16:57.22938734,AUDCAD,0.92228,0
2021.08.03 04:16:57.22938984,AUDCAD,0.922275,0
2021.08.03 04:17:02.22944109,AUDCAD,0.92228,0
2021.08.03 04:17:02.22944265,USDCAD,1.251665,0
2021.08.03 04:17:02.22944218,AUDCAD,0.92226,0
2021.08.03 04:17:02.22944000,USDCAD,1.2517,0
2021.08.03 04:17:02.22944593,USDCAD,1.251645,0
2021.08.03 04:17:02.22944375,USDCAD,1.25164,0
2021.08.03 04:17:02.22944140,USDCAD,1.251675,0
2021.08.03 04:17:03.22945156,USDCAD,1.25164,0
2021.08.03 04:17:05.22947093,AUDCAD,0.922265,0
2021.08.03 04:17:05.22947375,AUDCAD,0.92226,0
2021.08.03 04:17:06.22947859,AUDCAD,0.922255,0
2021.08.03 04:17:09.22950890,AUDCAD,0.922265,0
2021.08.03 04:17:09.22951281,AUDCAD,0.922265,0
2021.08.03 04:17:09.22951437,AUDCAD,0.92226,0
2021.08.03 04:17:09.22951359,USDCAD,1.251635,0
2021.08.03 04:17:09.22950843,USDCAD,1.25164,0
2021.08.03 04:17:09.22950703,USDCAD,1.251645,0
2021.08.03 04:17:14.22955671,USDCAD,1.25163,0
2021.08.03 04:17:15.22957203,USDCAD,1.25155,0
2021.08.03 04:17:15.22957343,USDCAD,1.251545,0
2021.08.03 04:17:15.22957171,AUDCAD,0.92228,0
2021.08.03 04:17:15.22957578,AUDCAD,0.922265,0
2021.08.03 04:17:15.22957062,AUDCAD,0.9222900000000001,0
2021.08.03 04:17:15.22956937,AUDCAD,0.922275,0
2021.08.03 04:17:15.22957312,AUDCAD,0.92226,0
2021.08.03 04:17:15.22957515,USDCAD,1.25155,0
2021.08.03 04:17:15.22956781,USDCAD,1.251625,0
2021.08.03 04:17:15.22956984,USDCAD,1.251615,0
2021.08.03 04:17:16.22957875,AUDCAD,0.92225,0
2021.08.03 04:17:16.22957734,AUDCAD,0.922255,0
2021.08.03 04:17:16.22958171,AUDCAD,0.92226,0
2021.08.03 04:17:16.22958312,AUDCAD,0.922265,0
2021.08.03 04:17:16.22958062,USDCAD,1.251565,0
2021.08.03 04:17:16.22958453,AUDCAD,0.92226,0
2021.08.03 04:17:17.22958812,AUDCAD,0.922265,0
2021.08.03 04:17:17.22959250,USDCAD,1.25157,0
2021.08.03 04:17:17.22959171,AUDCAD,0.922275,0
2021.08.03 04:17:17.22959046,USDCAD,1.251575,0
2021.08.03 04:17:17.22959078,AUDCAD,0.92227,0
2021.08.03 04:17:18.22960062,USDCAD,1.251565,0
2021.08.03 04:17:18.22960218,AUDCAD,0.922265,0
2021.08.03 04:17:19.22961046,AUDCAD,0.92227,0
2021.08.03 04:17:19.22960843,USDCAD,1.251565,0
2021.08.03 04:17:20.22962296,USDCAD,1.251565,0
2021.08.03 04:17:21.22963421,AUDCAD,0.922275,0
2021.08.03 04:17:21.22963578,USDCAD,1.251545,0
2021.08.03 04:17:21.22963421,USDCAD,1.251555,0
2021.08.03 04:17:21.22963515,AUDCAD,0.922295,0
2021.08.03 04:17:23.22964718,AUDCAD,0.9222900000000001,0
2021.08.03 04:17:24.22966234,AUDCAD,0.922295,0
2021.08.03 04:17:24.22966234,USDCAD,1.25155,0
2021.08.03 04:17:28.22970031,AUDCAD,0.9223049999999999,0
2021.08.03 04:17:33.22974953,USDCAD,1.25156,0
2021.08.03 04:17:33.22974750,USDCAD,1.251555,0
2021.08.03 04:17:33.22975640,USDCAD,1.25155,0
2021.08.03 04:17:33.22975531,USDCAD,1.251555,0
2021.08.03 04:17:36.22977906,USDCAD,1.251545,0
2021.08.03 04:17:36.22978562,USDCAD,1.25155,0
2021.08.03 04:17:37.22978734,USDCAD,1.25156,0
2021.08.03 04:17:38.22980546,USDCAD,1.25156,0
2021.08.03 04:17:38.22979703,USDCAD,1.251555,0
2021.08.03 04:17:41.22983500,USDCAD,1.251545,0
2021.08.03 04:17:41.22983421,USDCAD,1.251555,0
2021.08.03 04:17:43.22985125,USDCAD,1.25155,0
2021.08.03 04:17:45.22987031,USDCAD,1.25154,0
2021.08.03 04:17:47.22989562,USDCAD,1.251535,0
2021.08.03 04:17:48.22989734,USDCAD,1.25154,0
2021.08.03 04:17:48.22990187,USDCAD,1.251535,0
2021.08.03 04:17:51.22993218,USDCAD,1.25153,0
2021.08.03 04:17:52.22994156,USDCAD,1.251535,0
2021.08.03 04:17:53.22995515,USDCAD,1.251545,0
2021.08.03 04:17:53.22995046,USDCAD,1.25154,0
2021.08.03 04:17:54.22996640,AUDCAD,0.9223250000000001,0
2021.08.03 04:17:55.22996687,USDCAD,1.251535,0
2021.08.03 04:17:55.22997109,AUDCAD,0.9223250000000001,0
2021.08.03 04:17:58.22999906,USDCAD,1.25154,0
2021.08.03 04:18:00.23002343,USDCAD,1.251535,0
2021.08.03 04:18:01.23002796,AUDCAD,0.92233,0
2021.08.03 04:18:02.23004562,USDCAD,1.251545,0
2021.08.03 04:18:03.23004734,AUDCAD,0.922335,0
2021.08.03 04:18:03.23004734,USDCAD,1.251535,0
2021.08.03 04:18:03.23005375,USDCAD,1.25154,0
2021.08.03 04:18:03.23005078,AUDCAD,0.922315,0
2021.08.03 04:18:03.23005250,AUDCAD,0.92232,0
2021.08.03 04:18:03.23004828,AUDCAD,0.92232,0
2021.08.03 04:18:04.23006093,USDCAD,1.251535,0
2021.08.03 04:18:05.23007500,AUDCAD,0.922315,0
2021.08.03 04:18:07.23008921,AUDCAD,0.92231,0
2021.08.03 04:18:07.23009250,USDCAD,1.25154,0
2021.08.03 04:18:08.23009906,USDCAD,1.251545,0
2021.08.03 04:18:08.23010000,USDCAD,1.251555,0
2021.08.03 04:18:08.23009906,AUDCAD,0.922305,0
2021.08.03 04:18:12.23014265,AUDCAD,0.92231,0
2021.08.03 04:18:12.23014218,USDCAD,1.251545,0
2021.08.03 04:18:12.23014406,AUDCAD,0.92227,0
2021.08.03 04:18:12.23014437,USDCAD,1.25156,0
2021.08.03 04:18:13.23014984,AUDCAD,0.922275,0
2021.08.03 04:18:13.23015156,USDCAD,1.25161,0
2021.08.03 04:18:13.23015125,AUDCAD,0.922285,0
2021.08.03 04:18:14.23016562,USDCAD,1.251615,0
2021.08.03 04:18:14.23016000,AUDCAD,0.9222900000000001,0
2021.08.03 04:18:14.23016531,AUDCAD,0.922305,0
2021.08.03 04:18:14.23016046,USDCAD,1.25161,0
2021.08.03 04:18:14.23016093,AUDCAD,0.9223,0
2021.08.03 04:18:15.23017031,USDCAD,1.25161,0
2021.08.03 04:18:15.23017031,AUDCAD,0.9223,0
2021.08.03 04:18:16.23018546,USDCAD,1.251615,0
2021.08.03 04:18:17.23018781,AUDCAD,0.92237,0
2021.08.03 04:18:17.23019609,AUDCAD,0.92238,0
2021.08.03 04:18:17.23019359,AUDCAD,0.9223699999999999,0
2021.08.03 04:18:17.23019156,AUDCAD,0.922385,0
2021.08.03 04:18:17.23019015,AUDCAD,0.922395,0
2021.08.03 04:18:17.23018968,USDCAD,1.251575,0
2021.08.03 04:18:17.23018906,AUDCAD,0.9223950000000001,0
2021.08.03 04:18:17.23019609,USDCAD,1.25157,0
2021.08.03 04:18:17.23019468,USDCAD,1.251565,0
2021.08.03 04:18:17.23019312,USDCAD,1.25157,0
2021.08.03 04:18:17.23018875,USDCAD,1.25158,0
2021.08.03 04:18:17.23018781,USDCAD,1.25161,0
2021.08.03 04:18:18.23020406,AUDCAD,0.92238,0
2021.08.03 04:18:19.23021562,AUDCAD,0.922385,0
2021.08.03 04:18:20.23022281,AUDCAD,0.92238,0
2021.08.03 04:18:20.23022562,AUDCAD,0.9223749999999999,0
2021.08.03 04:18:21.23023046,AUDCAD,0.922395,0
2021.08.03 04:18:21.23023656,USDCAD,1.251615,0
2021.08.03 04:18:21.23023656,AUDCAD,0.92239,0
2021.08.03 04:18:21.23022734,AUDCAD,0.922385,0
2021.08.03 04:18:21.23022703,USDCAD,1.25157,0
2021.08.03 04:18:24.23026531,USDCAD,1.25161,0
2021.08.03 04:18:24.23026281,AUDCAD,0.92239,0
2021.08.03 04:18:24.23026625,AUDCAD,0.92241,0
2021.08.03 04:18:24.23026453,AUDCAD,0.9223950000000001,0
2021.08.03 04:18:24.23026281,USDCAD,1.25162,0
2021.08.03 04:18:25.23026828,AUDCAD,0.922415,0
2021.08.03 04:18:25.23027203,USDCAD,1.251605,0
2021.08.03 04:18:26.23028062,AUDCAD,0.9224049999999999,0
2021.08.03 04:18:27.23029109,USDCAD,1.25161,0
2021.08.03 04:18:27.23029109,AUDCAD,0.922415,0
2021.08.03 04:18:27.23029343,USDCAD,1.251625,0
2021.08.03 04:18:27.23028921,USDCAD,1.251625,0
2021.08.03 04:18:28.23030062,USDCAD,1.251635,0
2021.08.03 04:18:28.23030515,USDCAD,1.251635,0
2021.08.03 04:18:28.23029906,USDCAD,1.25162,0
2021.08.03 04:18:28.23030203,USDCAD,1.25163,0
2021.08.03 04:18:28.23030390,AUDCAD,0.9224049999999999,0
2021.08.03 04:18:29.23031500,USDCAD,1.25163,0
2021.08.03 04:18:29.23031656,USDCAD,1.251635,0
2021.08.03 04:18:32.23034484,USDCAD,1.25163,0
2021.08.03 04:18:32.23034609,USDCAD,1.251615,0
2021.08.03 04:18:34.23036390,USDCAD,1.25161,0
2021.08.03 04:18:34.23036515,USDCAD,1.25162,0
2021.08.03 04:18:34.23035921,AUDCAD,0.922415,0
2021.08.03 04:18:35.23037375,AUDCAD,0.9224049999999999,0
2021.08.03 04:18:35.23036937,USDCAD,1.251615,0
2021.08.03 04:18:36.23037906,USDCAD,1.251625,0
2021.08.03 04:18:42.23044281,USDCAD,1.25163,0
2021.08.03 04:18:43.23045031,USDCAD,1.251625,0
2021.08.03 04:18:44.23046015,USDCAD,1.251625,0
2021.08.03 04:18:44.23046015,AUDCAD,0.92239,0
2021.08.03 04:18:44.23046359,USDCAD,1.251635,0
2021.08.03 04:18:44.23045687,USDCAD,1.25163,0
2021.08.03 04:18:44.23045718,AUDCAD,0.9224,0
2021.08.03 04:18:44.23045859,AUDCAD,0.9223950000000001,0
2021.08.03 04:18:44.23046140,USDCAD,1.25163,0
2021.08.03 04:18:46.23047906,USDCAD,1.251615,0
2021.08.03 04:18:46.23047890,AUDCAD,0.9223950000000001,0
2021.08.03 04:18:47.23048921,USDCAD,1.25163,0
2021.08.03 04:18:47.23049328,USDCAD,1.25163,0
2021.08.03 04:18:47.23049171,USDCAD,1.251635,0
2021.08.03 04:18:48.23049671,USDCAD,1.251635,0
2021.08.03 04:18:49.23051562,USDCAD,1.251625,0
2021.08.03 04:18:49.23051437,AUDCAD,0.92238,0
2021.08.03 04:18:49.23051562,AUDCAD,0.9223749999999999,0
2021.08.03 04:18:51.23053593,USDCAD,1.251625,0
2021.08.03 04:18:51.23053406,USDCAD,1.25163,0
2021.08.03 04:18:53.23055093,USDCAD,1.251645,0
2021.08.03 04:18:53.23054953,USDCAD,1.25163,0
2021.08.03 04:18:53.23054953,AUDCAD,0.922355,0
2021.08.03 04:18:54.23056312,AUDCAD,0.922345,0
2021.08.03 04:18:55.23057359,AUDCAD,0.92235,0
2021.08.03 04:18:57.23059468,USDCAD,1.25164,0
2021.08.03 04:18:58.23060468,USDCAD,1.251645,0
2021.08.03 04:18:59.23061562,USDCAD,1.25164,0
2021.08.03 04:19:02.23064078,AUDCAD,0.9223399999999999,0
2021.08.03 04:19:02.23064078,USDCAD,1.25163,0
2021.08.03 04:19:04.23066359,AUDCAD,0.922345,0
2021.08.03 04:19:05.23066796,AUDCAD,0.92235,0
2021.08.03 04:19:05.23067296,AUDCAD,0.9223399999999999,0
2021.08.03 04:19:05.23067140,AUDCAD,0.922345,0
2021.08.03 04:19:05.23066921,USDCAD,1.251635,0
2021.08.03 04:19:05.23067140,USDCAD,1.25163,0
2021.08.03 04:19:05.23067296,USDCAD,1.251625,0
2021.08.03 04:19:06.23068359,USDCAD,1.25162,0
2021.08.03 04:19:10.23071984,USDCAD,1.251615,0
2021.08.03 04:19:10.23071984,AUDCAD,0.922345,0
2021.08.03 04:19:16.23077953,AUDCAD,0.92235,0
2021.08.03 04:19:18.23079734,AUDCAD,0.922355,0
2021.08.03 04:19:21.23083296,AUDCAD,0.9223600000000001,0
2021.08.03 04:19:21.23083296,USDCAD,1.25162,0
2021.08.03 04:19:23.23085109,USDCAD,1.25162,0
2021.08.03 04:19:23.23085109,AUDCAD,0.9223600000000001,0
2021.08.03 04:19:23.23084703,AUDCAD,0.922355,0
2021.08.03 04:19:23.23084703,USDCAD,1.251625,0
2021.08.03 04:19:23.23085562,AUDCAD,0.922355,0
2021.08.03 04:19:23.23085437,USDCAD,1.25163,0
2021.08.03 04:19:24.23086609,AUDCAD,0.9223600000000001,0
2021.08.03 04:19:24.23086640,USDCAD,1.251635,0
2021.08.03 04:19:25.23087468,USDCAD,1.25163,0
2021.08.03 04:19:26.23087718,AUDCAD,0.922355,0
2021.08.03 04:19:27.23089625,USDCAD,1.251635,0
2021.08.03 04:19:28.23089750,AUDCAD,0.9223600000000001,0
2021.08.03 04:19:28.23089765,USDCAD,1.25163,0
2021.08.03 04:19:49.23111656,USDCAD,1.25161,0
2021.08.03 04:19:49.23110781,AUDCAD,0.922365,0
2021.08.03 04:19:49.23110687,USDCAD,1.251615,0
2021.08.03 04:19:49.23111125,AUDCAD,0.922355,0
2021.08.03 04:19:49.23110687,AUDCAD,0.9223600000000001,0
2021.08.03 04:19:49.23110781,USDCAD,1.251605,0
2021.08.03 04:19:50.23112125,USDCAD,1.251605,0
2021.08.03 04:19:52.23113968,AUDCAD,0.9223650000000001,0
2021.08.03 04:19:52.23113968,USDCAD,1.25161,0
2021.08.03 04:19:53.23115484,USDCAD,1.251615,0
2021.08.03 04:19:55.23117281,USDCAD,1.251605,0
2021.08.03 04:19:56.23117734,AUDCAD,0.92237,0
2021.08.03 04:19:57.23119125,AUDCAD,0.9223600000000001,0
2021.08.03 04:19:59.23121187,AUDCAD,0.92237,0
2021.08.03 04:19:59.23121265,USDCAD,1.251615,0
2021.08.03 04:20:01.23123156,AUDCAD,0.922365,0
2021.08.03 04:20:04.23125765,USDCAD,1.25162,0
2021.08.03 04:20:06.23127875,USDCAD,1.251615,0
2021.08.03 04:20:06.23127984,USDCAD,1.25162,0
2021.08.03 04:20:07.23129437,AUDCAD,0.9223600000000001,0
2021.08.03 04:20:07.23129531,AUDCAD,0.92237,0
2021.08.03 04:20:10.23131781,AUDCAD,0.9223650000000001,0
2021.08.03 04:20:11.23133078,USDCAD,1.251635,0
2021.08.03 04:20:19.23141218,AUDCAD,0.9223600000000001,0
2021.08.03 04:20:22.23144031,AUDCAD,0.922355,0
2021.08.03 04:20:22.23144500,AUDCAD,0.9223600000000001,0
2021.08.03 04:20:23.23144765,AUDCAD,0.922355,0
2021.08.03 04:20:25.23147171,AUDCAD,0.92235,0
2021.08.03 04:20:25.23147312,AUDCAD,0.9223600000000001,0
2021.08.03 04:20:25.23147171,USDCAD,1.25164,0
2021.08.03 04:20:27.23149093,USDCAD,1.25165,0
2021.08.03 04:20:29.23151484,USDCAD,1.25169,0
2021.08.03 04:20:29.23151484,AUDCAD,0.9223749999999999,0
2021.08.03 04:20:29.23151375,USDCAD,1.251665,0
2021.08.03 04:20:29.23151375,AUDCAD,0.9223749999999999,0
2021.08.03 04:20:30.23151687,AUDCAD,0.92238,0
2021.08.03 04:20:30.23151734,USDCAD,1.25168,0
2021.08.03 04:20:30.23152562,AUDCAD,0.9223749999999999,0
2021.08.03 04:20:31.23153546,AUDCAD,0.92238,0
2021.08.03 04:20:32.23154500,USDCAD,1.25169,0
2021.08.03 04:20:32.23154609,AUDCAD,0.922365,0
2021.08.03 04:20:32.23153703,AUDCAD,0.92237,0
2021.08.03 04:20:33.23155343,USDCAD,1.251705,0
2021.08.03 04:20:33.23154687,AUDCAD,0.92233,0
2021.08.03 04:20:33.23154828,USDCAD,1.251705,0
2021.08.03 04:20:33.23154937,USDCAD,1.251715,0
2021.08.03 04:20:33.23154890,AUDCAD,0.92233,0
2021.08.03 04:20:35.23157437,USDCAD,1.25171,0
2021.08.03 04:20:37.23159093,AUDCAD,0.9223250000000001,0
2021.08.03 04:20:39.23160828,AUDCAD,0.92233,0
2021.08.03 04:20:40.23162593,AUDCAD,0.9223349999999999,0
2021.08.03 04:20:41.23163484,AUDCAD,0.92233,0
2021.08.03 04:20:42.23164171,USDCAD,1.251715,0
2021.08.03 04:20:42.23164390,AUDCAD,0.9224049999999999,0
2021.08.03 04:20:42.23164312,AUDCAD,0.92238,0
2021.08.03 04:20:42.23164562,USDCAD,1.251705,0
2021.08.03 04:20:42.23164125,AUDCAD,0.9223349999999999,0
2021.08.03 04:20:42.23164500,AUDCAD,0.92239,0
2021.08.03 04:20:43.23164671,AUDCAD,0.9223950000000001,0
2021.08.03 04:20:44.23165937,USDCAD,1.251695,0
2021.08.03 04:20:46.23168031,USDCAD,1.251715,0
2021.08.03 04:20:47.23168984,USDCAD,1.25171,0
2021.08.03 04:20:50.23172593,AUDCAD,0.9224049999999999,0
2021.08.03 04:20:55.23177437,AUDCAD,0.9224,0
2021.08.03 04:20:55.23177484,USDCAD,1.251705,0
2021.08.03 04:20:59.23181265,AUDCAD,0.9224049999999999,0
2021.08.03 04:21:01.23183359,AUDCAD,0.92241,0
2021.08.03 04:21:02.23184234,AUDCAD,0.9224049999999999,0
2021.08.03 04:21:03.23185609,AUDCAD,0.922395,0
2021.08.03 04:21:06.23188140,AUDCAD,0.9224049999999999,0
2021.08.03 04:21:06.23187984,AUDCAD,0.92241,0
2021.08.03 04:21:06.23187859,USDCAD,1.2517,0
2021.08.03 04:21:12.23194046,AUDCAD,0.92242,0
2021.08.03 04:21:12.23194234,AUDCAD,0.92241,0
2021.08.03 04:21:12.23194062,USDCAD,1.25169,0
2021.08.03 04:21:12.23194171,USDCAD,1.2517,0
2021.08.03 04:21:13.23195093,AUDCAD,0.922415,0
2021.08.03 04:21:15.23197203,USDCAD,1.251685,0
2021.08.03 04:21:16.23198453,AUDCAD,0.92241,0
2021.08.03 04:21:18.23199984,AUDCAD,0.922415,0
2021.08.03 04:21:25.23207265,AUDCAD,0.92241,0
2021.08.03 04:21:25.23207468,AUDCAD,0.922415,0
2021.08.03 04:21:32.23214468,AUDCAD,0.92242,0
2021.08.03 04:21:33.23215078,USDCAD,1.25166,0
2021.08.03 04:21:33.23215203,USDCAD,1.251685,0
2021.08.03 04:21:33.23215046,AUDCAD,0.9224250000000001,0
2021.08.03 04:21:35.23216734,USDCAD,1.251675,0
2021.08.03 04:21:37.23219078,AUDCAD,0.92242,0
2021.08.03 04:21:37.23219078,USDCAD,1.251685,0
2021.08.03 04:21:38.23220562,USDCAD,1.25169,0
2021.08.03 04:21:39.23221437,AUDCAD,0.9224250000000001,0
2021.08.03 04:21:39.23221171,USDCAD,1.25169,0
2021.08.03 04:21:39.23220812,USDCAD,1.251695,0
2021.08.03 04:21:39.23221437,USDCAD,1.251695,0
2021.08.03 04:21:39.23221046,USDCAD,1.251695,0
2021.08.03 04:21:40.23222359,USDCAD,1.2517,0
2021.08.03 04:21:42.23223906,USDCAD,1.251695,0
2021.08.03 04:21:43.23224953,USDCAD,1.25168,0
2021.08.03 04:21:44.23226578,AUDCAD,0.92242,0
2021.08.03 04:21:44.23225796,USDCAD,1.251685,0
2021.08.03 04:21:46.23228234,AUDCAD,0.9224250000000001,0
2021.08.03 04:21:49.23231375,USDCAD,1.251695,0
2021.08.03 04:22:03.23244937,AUDCAD,0.92243,0
2021.08.03 04:22:03.23244937,USDCAD,1.25168,0
2021.08.03 04:22:04.23245984,USDCAD,1.251685,0
2021.08.03 04:22:07.23249640,USDCAD,1.251685,0
2021.08.03 04:22:08.23250562,AUDCAD,0.92245,0
2021.08.03 04:22:08.23250484,USDCAD,1.251685,0
2021.08.03 04:22:08.23250640,USDCAD,1.25168,0
2021.08.03 04:22:08.23249828,USDCAD,1.25168,0
2021.08.03 04:22:09.23251421,AUDCAD,0.92247,0
2021.08.03 04:22:09.23251250,AUDCAD,0.922455,0
2021.08.03 04:22:09.23251562,AUDCAD,0.9224650000000001,0
2021.08.03 04:22:10.23251734,AUDCAD,0.922475,0
2021.08.03 04:22:12.23254093,USDCAD,1.25168,0
2021.08.03 04:22:12.23253750,USDCAD,1.251685,0
2021.08.03 04:22:12.23253859,AUDCAD,0.92248,0
2021.08.03 04:22:13.23255656,AUDCAD,0.922495,0
2021.08.03 04:22:14.23255687,USDCAD,1.251695,0
2021.08.03 04:22:14.23255921,AUDCAD,0.9225099999999999,0
2021.08.03 04:22:14.23255750,AUDCAD,0.9225300000000001,0
2021.08.03 04:22:18.23260187,AUDCAD,0.92252,0
2021.08.03 04:22:18.23260046,AUDCAD,0.922515,0
2021.08.03 04:22:19.23260921,AUDCAD,0.9225300000000001,0
2021.08.03 04:22:19.23260703,AUDCAD,0.922525,0
2021.08.03 04:22:23.23265562,AUDCAD,0.922485,0
2021.08.03 04:22:23.23265296,AUDCAD,0.9224950000000001,0
2021.08.03 04:22:23.23265265,USDCAD,1.251685,0
2021.08.03 04:22:24.23265718,AUDCAD,0.92249,0
2021.08.03 04:22:26.23268593,AUDCAD,0.922485,0
2021.08.03 04:22:27.23269234,AUDCAD,0.92249,0
2021.08.03 04:22:30.23272562,AUDCAD,0.92248,0
2021.08.03 04:22:39.23280890,AUDCAD,0.9224749999999999,0
2021.08.03 04:22:43.23285203,AUDCAD,0.92249,0
2021.08.03 04:22:43.23284906,USDCAD,1.251695,0
2021.08.03 04:22:43.23284890,AUDCAD,0.92248,0
2021.08.03 04:22:46.23288546,USDCAD,1.25168,0
2021.08.03 04:22:46.23288562,AUDCAD,0.922485,0
2021.08.03 04:22:47.23288968,USDCAD,1.251685,0
2021.08.03 04:22:47.23289031,AUDCAD,0.9224749999999999,0
2021.08.03 04:22:49.23290937,USDCAD,1.25168,0
2021.08.03 04:22:49.23291078,AUDCAD,0.9224950000000001,0
2021.08.03 04:22:49.23290937,AUDCAD,0.92248,0
2021.08.03 04:22:52.23294562,AUDCAD,0.92249,0
2021.08.03 04:22:53.23294812,AUDCAD,0.9224950000000001,0
2021.08.03 04:22:56.23298500,AUDCAD,0.92249,0
2021.08.03 04:22:58.23300375,AUDCAD,0.9225,0
2021.08.03 04:22:58.23300062,AUDCAD,0.9225049999999999,0
2021.08.03 04:22:58.23300250,AUDCAD,0.9224950000000001,0
2021.08.03 04:22:58.23299921,AUDCAD,0.9224950000000001,0
2021.08.03 04:23:05.23306703,AUDCAD,0.9224950000000001,0
2021.08.03 04:23:07.23308906,AUDCAD,0.922515,0
2021.08.03 04:23:07.23308718,AUDCAD,0.9225049999999999,0
2021.08.03 04:23:08.23309906,AUDCAD,0.9225099999999999,0
2021.08.03 04:23:12.23314265,AUDCAD,0.9225,0
2021.08.03 04:23:13.23314750,AUDCAD,0.9224950000000001,0
2021.08.03 04:23:13.23315203,USDCAD,1.251695,0
2021.08.03 04:23:16.23317984,AUDCAD,0.92249,0
2021.08.03 04:23:19.23321531,AUDCAD,0.922485,0
2021.08.03 04:23:21.23323156,AUDCAD,0.9225049999999999,0
2021.08.03 04:23:21.23323609,AUDCAD,0.9225099999999999,0
2021.08.03 04:23:21.23322875,AUDCAD,0.922505,0
2021.08.03 04:23:22.23324453,AUDCAD,0.9225049999999999,0
2021.08.03 04:23:25.23327328,USDCAD,1.2517,0
2021.08.03 04:23:25.23327390,AUDCAD,0.9225,0
2021.08.03 04:23:26.23328312,USDCAD,1.251695,0
2021.08.03 04:23:27.23329296,AUDCAD,0.9225,0
2021.08.03 04:23:27.23328890,USDCAD,1.2517,0
2021.08.03 04:23:27.23329312,USDCAD,1.25169,0
2021.08.03 04:23:27.23328921,AUDCAD,0.922505,0
2021.08.03 04:23:28.23330390,AUDCAD,0.9225099999999999,0
2021.08.03 04:23:29.23331234,USDCAD,1.2517,0
2021.08.03 04:23:33.23335343,AUDCAD,0.9225099999999999,0
2021.08.03 04:23:33.23335343,USDCAD,1.251705,0
2021.08.03 04:23:33.23335062,AUDCAD,0.922505,0
2021.08.03 04:23:34.23336078,USDCAD,1.25171,0
2021.08.03 04:23:37.23338828,AUDCAD,0.9225049999999999,0
2021.08.03 04:23:37.23338765,USDCAD,1.2517,0
2021.08.03 04:23:38.23340390,USDCAD,1.251695,0
2021.08.03 04:23:39.23341531,AUDCAD,0.9225049999999999,0
2021.08.03 04:23:39.23340890,AUDCAD,0.9225,0
2021.08.03 04:23:41.23343390,AUDCAD,0.922515,0
2021.08.03 04:23:41.23343265,AUDCAD,0.9225099999999999,0
2021.08.03 04:23:41.23343578,AUDCAD,0.92252,0
2021.08.03 04:23:42.23344265,AUDCAD,0.922525,0
2021.08.03 04:23:44.23345828,AUDCAD,0.9225300000000001,0
2021.08.03 04:23:44.23346640,AUDCAD,0.92254,0
2021.08.03 04:23:44.23345703,AUDCAD,0.92252,0
2021.08.03 04:23:45.23346781,AUDCAD,0.92255,0
2021.08.03 04:23:45.23347312,AUDCAD,0.9225449999999999,0
2021.08.03 04:23:45.23347609,AUDCAD,0.92255,0
2021.08.03 04:23:47.23349656,AUDCAD,0.922555,0
2021.08.03 04:23:47.23349265,AUDCAD,0.9225449999999999,0
2021.08.03 04:23:49.23351625,USDCAD,1.25171,0
2021.08.03 04:23:49.23351625,AUDCAD,0.9225650000000001,0
2021.08.03 04:23:50.23351828,AUDCAD,0.92257,0
2021.08.03 04:23:50.23351765,USDCAD,1.251685,0
2021.08.03 04:23:51.23352718,AUDCAD,0.9225749999999999,0
2021.08.03 04:23:52.23353703,AUDCAD,0.92257,0
2021.08.03 04:23:52.23353750,USDCAD,1.25168,0
2021.08.03 04:23:52.23354187,USDCAD,1.25168,0
2021.08.03 04:23:52.23353796,AUDCAD,0.922585,0
2021.08.03 04:23:52.23354093,USDCAD,1.251685,0
2021.08.03 04:23:53.23355015,AUDCAD,0.9225749999999999,0
2021.08.03 04:23:53.23355453,USDCAD,1.25162,0
2021.08.03 04:23:53.23355375,AUDCAD,0.922585,0
2021.08.03 04:23:53.23355375,USDCAD,1.251675,0
2021.08.03 04:23:53.23355468,AUDCAD,0.922585,0
2021.08.03 04:23:54.23356156,AUDCAD,0.92258,0
2021.08.03 04:23:54.23356468,AUDCAD,0.922585,0
2021.08.03 04:23:55.23357328,USDCAD,1.25162,0
2021.08.03 04:23:55.23356781,USDCAD,1.25161,0
2021.08.03 04:23:55.23357203,AUDCAD,0.922585,0
2021.08.03 04:23:55.23357093,AUDCAD,0.92258,0
2021.08.03 04:23:56.23358390,AUDCAD,0.92258,0
2021.08.03 04:23:56.23358390,USDCAD,1.251615,0
2021.08.03 04:23:56.23358500,AUDCAD,0.92255,0
2021.08.03 04:23:57.23358734,AUDCAD,0.92256,0
2021.08.03 04:23:57.23359140,AUDCAD,0.922555,0
2021.08.03 04:23:59.23360890,AUDCAD,0.92255,0
2021.08.03 04:24:00.23362468,AUDCAD,0.92256,0
2021.08.03 04:24:00.23362187,USDCAD,1.25162,0
2021.08.03 04:24:01.23363281,AUDCAD,0.922565,0
2021.08.03 04:24:01.23363312,USDCAD,1.251615,0
2021.08.03 04:24:02.23364296,AUDCAD,0.9225650000000001,0
2021.08.03 04:24:02.23364437,USDCAD,1.251605,0
2021.08.03 04:24:03.23364984,USDCAD,1.251545,0
2021.08.03 04:24:03.23365468,AUDCAD,0.92257,0
2021.08.03 04:24:03.23364921,USDCAD,1.25155,0
2021.08.03 04:24:03.23364765,AUDCAD,0.922575,0
2021.08.03 04:24:03.23364765,USDCAD,1.251585,0
2021.08.03 04:24:03.23365578,AUDCAD,0.92257,0
2021.08.03 04:24:03.23365468,USDCAD,1.251555,0
2021.08.03 04:24:03.23365593,USDCAD,1.251585,0
2021.08.03 04:24:04.23365859,USDCAD,1.251545,0
2021.08.03 04:24:04.23365734,AUDCAD,0.92256,0
2021.08.03 04:24:04.23365703,USDCAD,1.25158,0
2021.08.03 04:24:04.23365890,AUDCAD,0.922555,0
2021.08.03 04:24:06.23367875,USDCAD,1.25155,0
2021.08.03 04:24:06.23367718,USDCAD,1.251545,0
2021.08.03 04:24:06.23368359,AUDCAD,0.9225449999999999,0
2021.08.03 04:24:07.23369156,AUDCAD,0.922555,0
2021.08.03 04:24:07.23369578,USDCAD,1.251555,0
2021.08.03 04:24:07.23369578,AUDCAD,0.92256,0
2021.08.03 04:24:08.23370515,USDCAD,1.25156,0
2021.08.03 04:24:08.23369843,AUDCAD,0.92255,0
2021.08.03 04:24:08.23370515,AUDCAD,0.9225449999999999,0
2021.08.03 04:24:08.23370359,USDCAD,1.251555,0
2021.08.03 04:24:08.23369953,USDCAD,1.25155,0
2021.08.03 04:24:09.23370859,AUDCAD,0.92254,0
2021.08.03 04:24:09.23370968,AUDCAD,0.92256,0
2021.08.03 04:24:10.23371734,AUDCAD,0.9225650000000001,0
2021.08.03 04:24:11.23372796,AUDCAD,0.92256,0
2021.08.03 04:24:17.23378718,USDCAD,1.251555,0
2021.08.03 04:24:17.23378718,AUDCAD,0.9225650000000001,0
2021.08.03 04:24:17.23379000,USDCAD,1.25155,0
2021.08.03 04:24:20.23381828,AUDCAD,0.92257,0
2021.08.03 04:24:20.23381828,USDCAD,1.25154,0
2021.08.03 04:24:20.23381921,AUDCAD,0.92259,0
2021.08.03 04:24:20.23382453,AUDCAD,0.922575,0
2021.08.03 04:24:20.23382593,AUDCAD,0.922565,0
2021.08.03 04:24:23.23385109,USDCAD,1.25156,0
2021.08.03 04:24:23.23385000,USDCAD,1.251545,0
2021.08.03 04:24:23.23385000,AUDCAD,0.92256,0
2021.08.03 04:24:24.23386109,AUDCAD,0.9225,0
2021.08.03 04:24:24.23386015,AUDCAD,0.9225399999999999,0
2021.08.03 04:24:24.23385671,USDCAD,1.25155,0
2021.08.03 04:24:24.23386046,USDCAD,1.251555,0
2021.08.03 04:24:24.23386265,AUDCAD,0.9224950000000001,0
2021.08.03 04:24:25.23387453,USDCAD,1.251555,0
2021.08.03 04:24:25.23386843,USDCAD,1.25156,0
2021.08.03 04:24:27.23389250,USDCAD,1.25156,0
2021.08.03 04:24:28.23389828,USDCAD,1.251555,0
2021.08.03 04:24:31.23392968,USDCAD,1.25155,0
2021.08.03 04:24:31.23392953,AUDCAD,0.92249,0
2021.08.03 04:24:31.23393281,AUDCAD,0.9225,0
2021.08.03 04:24:31.23393500,AUDCAD,0.9225049999999999,0
2021.08.03 04:24:31.23393125,USDCAD,1.25156,0
2021.08.03 04:24:31.23393468,USDCAD,1.251565,0
2021.08.03 04:24:31.23393046,AUDCAD,0.9225049999999999,0
2021.08.03 04:24:33.23395265,USDCAD,1.251565,0
2021.08.03 04:24:33.23395265,AUDCAD,0.9225099999999999,0
2021.08.03 04:24:34.23396046,USDCAD,1.25158,0
2021.08.03 04:24:34.23396312,USDCAD,1.251575,0
2021.08.03 04:24:38.23400375,AUDCAD,0.92252,0
2021.08.03 04:24:39.23401296,USDCAD,1.25158,0
2021.08.03 04:24:41.23403109,AUDCAD,0.922525,0
2021.08.03 04:24:41.23403078,USDCAD,1.251585,0
2021.08.03 04:24:49.23411656,AUDCAD,0.92252,0
2021.08.03 04:24:51.23413171,USDCAD,1.25161,0
2021.08.03 04:24:51.23413656,AUDCAD,0.9224950000000001,0
2021.08.03 04:24:51.23413109,AUDCAD,0.9224950000000001,0
2021.08.03 04:24:51.23413046,USDCAD,1.251595,0
2021.08.03 04:24:51.23413531,USDCAD,1.251615,0
2021.08.03 04:24:51.23413000,AUDCAD,0.922525,0
2021.08.03 04:24:51.23413515,AUDCAD,0.92249,0
2021.08.03 04:24:52.23413703,USDCAD,1.25162,0
2021.08.03 04:24:59.23420890,USDCAD,1.25161,0
2021.08.03 04:24:59.23420890,AUDCAD,0.9225,0
2021.08.03 04:24:59.23421031,AUDCAD,0.92249,0
2021.08.03 04:25:01.23423218,AUDCAD,0.922485,0
2021.08.03 04:25:03.23425062,AUDCAD,0.92248,0
2021.08.03 04:25:03.23425593,USDCAD,1.251605,0
2021.08.03 04:25:03.23425593,AUDCAD,0.922485,0
2021.08.03 04:25:04.23425968,AUDCAD,0.92248,0
2021.08.03 04:25:04.23426437,USDCAD,1.25162,0
2021.08.03 04:25:04.23426000,USDCAD,1.251615,0
2021.08.03 04:25:05.23426703,AUDCAD,0.92247,0
2021.08.03 04:25:06.23428406,AUDCAD,0.9224600000000001,0
2021.08.03 04:25:06.23427875,AUDCAD,0.922465,0
2021.08.03 04:25:09.23431546,AUDCAD,0.9224650000000001,0
2021.08.03 04:25:10.23431812,USDCAD,1.251615,0
2021.08.03 04:25:11.23433093,USDCAD,1.25162,0
2021.08.03 04:25:12.23433953,AUDCAD,0.92247,0
2021.08.03 04:25:16.23438640,USDCAD,1.251655,0
2021.08.03 04:25:16.23438515,USDCAD,1.251635,0
2021.08.03 04:25:16.23438234,AUDCAD,0.9224650000000001,0
2021.08.03 04:25:16.23438406,AUDCAD,0.92245,0
2021.08.03 04:25:16.23438406,USDCAD,1.251625,0
2021.08.03 04:25:17.23438750,AUDCAD,0.922455,0
2021.08.03 04:25:18.23440265,AUDCAD,0.92248,0
2021.08.03 04:25:18.23440109,AUDCAD,0.9224600000000001,0
2021.08.03 04:25:18.23440281,USDCAD,1.251685,0
2021.08.03 04:25:18.23440109,USDCAD,1.25166,0
2021.08.03 04:25:19.23441203,USDCAD,1.251675,0
2021.08.03 04:25:19.23440890,USDCAD,1.25167,0
2021.08.03 04:25:25.23447203,USDCAD,1.25167,0
2021.08.03 04:25:26.23448625,USDCAD,1.251665,0
2021.08.03 04:25:30.23452531,AUDCAD,0.9225,0
2021.08.03 04:25:30.23452078,AUDCAD,0.922485,0
2021.08.03 04:25:30.23451968,USDCAD,1.25167,0
2021.08.03 04:25:31.23453062,USDCAD,1.251675,0
2021.08.03 04:25:35.23457046,AUDCAD,0.9225,0
2021.08.03 04:25:35.23456843,AUDCAD,0.922505,0
2021.08.03 04:25:37.23459156,AUDCAD,0.9225099999999999,0
2021.08.03 04:25:37.23458968,AUDCAD,0.922515,0
2021.08.03 04:25:41.23463640,AUDCAD,0.922515,0
2021.08.03 04:25:50.23472625,USDCAD,1.25168,0
2021.08.03 04:25:51.23473062,USDCAD,1.25167,0
2021.08.03 04:25:51.23473062,AUDCAD,0.9224650000000001,0
2021.08.03 04:25:51.23473328,AUDCAD,0.9224600000000001,0
2021.08.03 04:25:51.23472953,AUDCAD,0.9225,0
2021.08.03 04:25:51.23473250,USDCAD,1.251675,0
2021.08.03 04:25:51.23473390,USDCAD,1.251655,0
2021.08.03 04:25:52.23473921,USDCAD,1.25165,0
2021.08.03 04:25:54.23476171,AUDCAD,0.92243,0
2021.08.03 04:25:54.23476250,AUDCAD,0.92242,0
2021.08.03 04:25:57.23479515,USDCAD,1.25165,0
2021.08.03 04:25:57.23479109,USDCAD,1.251655,0
2021.08.03 04:25:58.23480062,USDCAD,1.25164,0
2021.08.03 04:25:58.23480234,AUDCAD,0.9224250000000001,0
2021.08.03 04:25:59.23481656,USDCAD,1.251645,0
2021.08.03 04:25:59.23480953,USDCAD,1.25164,0
2021.08.03 04:25:59.23480750,USDCAD,1.251645,0
2021.08.03 04:26:00.23481828,USDCAD,1.25164,0
2021.08.03 04:26:00.23482484,USDCAD,1.25164,0
2021.08.03 04:26:00.23482125,USDCAD,1.251645,0
2021.08.03 04:26:01.23482828,USDCAD,1.251645,0
2021.08.03 04:26:07.23489046,USDCAD,1.25164,0
2021.08.03 04:26:07.23489140,AUDCAD,0.9224349999999999,0
2021.08.03 04:26:09.23491187,AUDCAD,0.9224399999999999,0
2021.08.03 04:26:10.23492046,AUDCAD,0.922445,0
2021.08.03 04:26:11.23493640,USDCAD,1.251635,0
2021.08.03 04:26:11.23493640,AUDCAD,0.9224399999999999,0
2021.08.03 04:26:11.23493515,USDCAD,1.25164,0
2021.08.03 04:26:11.23493390,USDCAD,1.251635,0
2021.08.03 04:26:13.23495625,USDCAD,1.25164,0
2021.08.03 04:26:16.23497875,AUDCAD,0.9224349999999999,0
2021.08.03 04:26:18.23500031,USDCAD,1.25161,0
2021.08.03 04:26:18.23499890,USDCAD,1.251635,0
2021.08.03 04:26:18.23500546,USDCAD,1.25162,0
2021.08.03 04:26:18.23500015,AUDCAD,0.92242,0
2021.08.03 04:26:18.23499890,AUDCAD,0.92243,0
2021.08.03 04:26:18.23500562,AUDCAD,0.92243,0
2021.08.03 04:26:19.23500718,USDCAD,1.251625,0
2021.08.03 04:26:19.23500859,USDCAD,1.251615,0
2021.08.03 04:26:19.23501562,USDCAD,1.251635,0
2021.08.03 04:26:24.23506171,USDCAD,1.25164,0
2021.08.03 04:26:24.23506390,USDCAD,1.251645,0
2021.08.03 04:26:24.23506296,USDCAD,1.25164,0
2021.08.03 04:26:24.23506281,AUDCAD,0.9224349999999999,0
2021.08.03 04:26:25.23507359,AUDCAD,0.922445,0
2021.08.03 04:26:26.23508078,AUDCAD,0.9224399999999999,0
2021.08.03 04:26:28.23510578,AUDCAD,0.9224399999999999,0
2021.08.03 04:26:28.23509906,USDCAD,1.25164,0
2021.08.03 04:26:28.23510468,USDCAD,1.251645,0
2021.08.03 04:26:28.23510468,AUDCAD,0.922445,0
2021.08.03 04:26:28.23510578,USDCAD,1.25165,0
2021.08.03 04:26:29.23511093,AUDCAD,0.9224349999999999,0
2021.08.03 04:26:29.23511500,USDCAD,1.251655,0
2021.08.03 04:26:29.23511390,USDCAD,1.25164,0
2021.08.03 04:26:29.23511328,AUDCAD,0.9224250000000001,0
2021.08.03 04:26:29.23511140,USDCAD,1.251645,0
2021.08.03 04:26:29.23511250,USDCAD,1.25165,0
2021.08.03 04:26:29.23511609,AUDCAD,0.92242,0
2021.08.03 04:26:29.23511437,AUDCAD,0.92241,0
2021.08.03 04:26:29.23510859,USDCAD,1.251655,0
2021.08.03 04:26:29.23511015,USDCAD,1.25165,0
2021.08.03 04:26:30.23511859,USDCAD,1.25167,0
2021.08.03 04:26:30.23512343,AUDCAD,0.9224399999999999,0
2021.08.03 04:26:30.23511890,AUDCAD,0.9224349999999999,0
2021.08.03 04:26:30.23511781,AUDCAD,0.9224399999999999,0
2021.08.03 04:26:30.23511718,USDCAD,1.251665,0
2021.08.03 04:26:30.23512421,USDCAD,1.25169,0
2021.08.03 04:26:35.23517453,AUDCAD,0.9224349999999999,0
2021.08.03 04:26:35.23517171,AUDCAD,0.922445,0
2021.08.03 04:26:37.23518968,AUDCAD,0.92243,0
2021.08.03 04:26:37.23519109,AUDCAD,0.9224349999999999,0
2021.08.03 04:26:38.23519718,USDCAD,1.2517,0
2021.08.03 04:26:41.23522921,AUDCAD,0.92243,0
2021.08.03 04:26:41.23523031,USDCAD,1.25169,0
2021.08.03 04:26:44.23525750,AUDCAD,0.92242,0
2021.08.03 04:26:50.23532000,AUDCAD,0.9224049999999999,0
2021.08.03 04:26:53.23535046,AUDCAD,0.922415,0
2021.08.03 04:26:54.23535750,AUDCAD,0.9224049999999999,0
2021.08.03 04:26:54.23536656,AUDCAD,0.922415,0
2021.08.03 04:26:56.23538031,USDCAD,1.251685,0
2021.08.03 04:26:56.23538437,USDCAD,1.25168,0
2021.08.03 04:26:56.23538656,USDCAD,1.251675,0
2021.08.03 04:26:57.23539328,AUDCAD,0.92242,0
2021.08.03 04:26:58.23540437,AUDCAD,0.92243,0
2021.08.03 04:26:59.23541156,AUDCAD,0.92242,0
2021.08.03 04:27:01.23543609,USDCAD,1.25168,0
2021.08.03 04:27:01.23543609,AUDCAD,0.922415,0
2021.08.03 04:27:02.23543828,USDCAD,1.251685,0
2021.08.03 04:27:03.23545390,USDCAD,1.25169,0
2021.08.03 04:27:05.23547093,AUDCAD,0.9224049999999999,0
2021.08.03 04:27:10.23552609,USDCAD,1.25169,0
2021.08.03 04:27:10.23551890,USDCAD,1.251695,0
2021.08.03 04:27:11.23552921,USDCAD,1.2517,0
2021.08.03 04:27:18.23560531,USDCAD,1.2517,0
2021.08.03 04:27:18.23560281,USDCAD,1.251695,0
2021.08.03 04:27:22.23564000,USDCAD,1.251695,0
2021.08.03 04:27:23.23564984,USDCAD,1.2517,0
2021.08.03 04:27:24.23566125,USDCAD,1.25168,0
2021.08.03 04:27:24.23565984,USDCAD,1.251695,0
2021.08.03 04:27:25.23567578,AUDCAD,0.92247,0
2021.08.03 04:27:25.23567484,USDCAD,1.251655,0
2021.08.03 04:27:25.23567609,USDCAD,1.251625,0
2021.08.03 04:27:26.23568046,USDCAD,1.251625,0
2021.08.03 04:27:26.23568250,USDCAD,1.25162,0
2021.08.03 04:27:26.23567750,USDCAD,1.25163,0
2021.08.03 04:27:27.23569640,USDCAD,1.251645,0
2021.08.03 04:27:27.23569343,USDCAD,1.251635,0
2021.08.03 04:27:27.23569187,USDCAD,1.251635,0
2021.08.03 04:27:31.23572828,AUDCAD,0.922465,0
2021.08.03 04:27:34.23576390,USDCAD,1.25164,0
2021.08.03 04:27:34.23576562,AUDCAD,0.9224600000000001,0
2021.08.03 04:27:41.23582953,AUDCAD,0.92247,0
2021.08.03 04:27:41.23583453,AUDCAD,0.92247,0
2021.08.03 04:27:41.23583156,AUDCAD,0.922475,0
2021.08.03 04:27:41.23582968,USDCAD,1.251645,0
2021.08.03 04:27:42.23583921,AUDCAD,0.922475,0
2021.08.03 04:27:43.23585500,USDCAD,1.251655,0
2021.08.03 04:27:43.23585531,AUDCAD,0.92248,0
2021.08.03 04:27:44.23585875,USDCAD,1.25165,0
2021.08.03 04:27:45.23587468,AUDCAD,0.922485,0
2021.08.03 04:27:46.23587828,AUDCAD,0.92249,0
2021.08.03 04:27:48.23590343,AUDCAD,0.92248,0
2021.08.03 04:27:48.23589750,USDCAD,1.251655,0
2021.08.03 04:27:48.23590343,USDCAD,1.25166,0
2021.08.03 04:27:49.23591015,AUDCAD,0.92247,0
2021.08.03 04:27:51.23593171,AUDCAD,0.9224650000000001,0
2021.08.03 04:27:54.23595921,USDCAD,1.251665,0
2021.08.03 04:27:55.23597125,USDCAD,1.251655,0
2021.08.03 04:27:55.23597640,USDCAD,1.251655,0
2021.08.03 04:27:55.23597500,AUDCAD,0.922405,0
2021.08.03 04:27:55.23597500,USDCAD,1.25165,0
2021.08.03 04:27:55.23596687,AUDCAD,0.922455,0
2021.08.03 04:27:55.23597125,AUDCAD,0.92245,0
2021.08.03 04:27:55.23597390,AUDCAD,0.92243,0
2021.08.03 04:27:58.23599703,AUDCAD,0.9224,0
2021.08.03 04:27:58.23599703,USDCAD,1.25163,0
2021.08.03 04:27:59.23601328,AUDCAD,0.92239,0
2021.08.03 04:27:59.23601328,USDCAD,1.25162,0
2021.08.03 04:28:01.23603218,AUDCAD,0.9224,0
2021.08.03 04:28:02.23604593,USDCAD,1.25163,0
2021.08.03 04:28:04.23605953,USDCAD,1.251635,0
2021.08.03 04:28:04.23605671,USDCAD,1.25163,0
2021.08.03 04:28:04.23605765,AUDCAD,0.9224049999999999,0
2021.08.03 04:28:10.23612296,AUDCAD,0.922415,0
2021.08.03 04:28:10.23611890,USDCAD,1.25166,0
2021.08.03 04:28:10.23611828,AUDCAD,0.92241,0
2021.08.03 04:28:10.23611781,USDCAD,1.25164,0
2021.08.03 04:28:13.23615437,AUDCAD,0.92241,0
2021.08.03 04:28:14.23615968,AUDCAD,0.922415,0
2021.08.03 04:28:14.23615968,USDCAD,1.251665,0
2021.08.03 04:28:17.23618781,AUDCAD,0.92241,0
2021.08.03 04:28:17.23619031,USDCAD,1.25166,0
2021.08.03 04:28:17.23619312,AUDCAD,0.9224049999999999,0
2021.08.03 04:28:17.23618937,AUDCAD,0.922415,0
2021.08.03 04:28:18.23620359,AUDCAD,0.9224,0
2021.08.03 04:28:18.23620546,AUDCAD,0.9224,0
2021.08.03 04:28:19.23621500,USDCAD,1.25167,0
2021.08.03 04:28:19.23620796,AUDCAD,0.9223950000000001,0
2021.08.03 04:28:20.23622359,AUDCAD,0.92239,0
2021.08.03 04:28:21.23622718,AUDCAD,0.922385,0
2021.08.03 04:28:21.23622734,USDCAD,1.251675,0
2021.08.03 04:28:21.23622859,USDCAD,1.25168,0
2021.08.03 04:28:22.23624578,AUDCAD,0.92239,0
2021.08.03 04:28:24.23626578,USDCAD,1.25166,0
2021.08.03 04:28:24.23626578,AUDCAD,0.9223950000000001,0
2021.08.03 04:28:25.23626718,USDCAD,1.251675,0
2021.08.03 04:28:25.23627062,AUDCAD,0.9224049999999999,0
2021.08.03 04:28:26.23628171,AUDCAD,0.92241,0
2021.08.03 04:28:27.23629312,AUDCAD,0.9224049999999999,0
2021.08.03 04:28:28.23630187,USDCAD,1.25167,0
2021.08.03 04:28:28.23630218,AUDCAD,0.9224,0
2021.08.03 04:28:28.23630437,USDCAD,1.251675,0
2021.08.03 04:28:28.23630531,AUDCAD,0.92239,0
2021.08.03 04:28:28.23630640,USDCAD,1.251675,0
2021.08.03 04:28:32.23634265,AUDCAD,0.9223950000000001,0
2021.08.03 04:28:32.23634281,USDCAD,1.25167,0
2021.08.03 04:28:33.23634921,USDCAD,1.251665,0
2021.08.03 04:28:38.23640078,USDCAD,1.251675,0
2021.08.03 04:28:38.23639859,USDCAD,1.25167,0
2021.08.03 04:28:39.23641437,AUDCAD,0.922385,0
2021.08.03 04:28:39.23641062,USDCAD,1.251665,0
2021.08.03 04:28:40.23641968,AUDCAD,0.92238,0
2021.08.03 04:28:41.23642687,USDCAD,1.25165,0
2021.08.03 04:28:43.23645265,USDCAD,1.251655,0
2021.08.03 04:28:44.23646265,AUDCAD,0.922385,0
2021.08.03 04:28:44.23646265,USDCAD,1.25167,0
2021.08.03 04:28:45.23647250,AUDCAD,0.92242,0
2021.08.03 04:28:45.23646906,AUDCAD,0.92239,0
2021.08.03 04:28:45.23646921,USDCAD,1.251685,0
2021.08.03 04:28:45.23647125,USDCAD,1.251705,0
2021.08.03 04:28:45.23647265,USDCAD,1.251695,0
2021.08.03 04:28:45.23647390,USDCAD,1.25171,0
2021.08.03 04:28:45.23647125,AUDCAD,0.922415,0
2021.08.03 04:28:46.23648265,AUDCAD,0.922415,0
2021.08.03 04:28:48.23650609,USDCAD,1.25171,0
2021.08.03 04:28:48.23650250,AUDCAD,0.92242,0
2021.08.03 04:28:48.23650359,USDCAD,1.251715,0
2021.08.03 04:28:48.23650578,AUDCAD,0.92243,0
2021.08.03 04:28:49.23650796,USDCAD,1.251715,0
2021.08.03 04:28:51.23652687,AUDCAD,0.922415,0
2021.08.03 04:28:51.23652687,USDCAD,1.25173,0
2021.08.03 04:28:51.23652812,AUDCAD,0.9223650000000001,0
2021.08.03 04:28:51.23653046,AUDCAD,0.9223600000000001,0
2021.08.03 04:28:51.23653390,USDCAD,1.25177,0
2021.08.03 04:28:51.23653046,USDCAD,1.25176,0
2021.08.03 04:28:51.23652906,USDCAD,1.25177,0
2021.08.03 04:28:51.23652812,USDCAD,1.251755,0
2021.08.03 04:28:52.23654171,AUDCAD,0.922365,0
2021.08.03 04:28:52.23654218,USDCAD,1.25176,0
2021.08.03 04:28:52.23654281,AUDCAD,0.92245,0
2021.08.03 04:28:52.23654593,USDCAD,1.251755,0
2021.08.03 04:28:53.23655093,USDCAD,1.251755,0
2021.08.03 04:28:53.23654859,USDCAD,1.25175,0
2021.08.03 04:28:54.23656078,AUDCAD,0.92245,0
2021.08.03 04:28:54.23656250,USDCAD,1.25176,0
2021.08.03 04:29:00.23662421,AUDCAD,0.9224399999999999,0
2021.08.03 04:29:00.23662531,USDCAD,1.25178,0
2021.08.03 04:29:00.23662421,USDCAD,1.25177,0
2021.08.03 04:29:00.23662625,AUDCAD,0.922365,0
2021.08.03 04:29:01.23662765,USDCAD,1.251775,0
2021.08.03 04:29:01.23663203,USDCAD,1.25178,0
2021.08.03 04:29:01.23663312,USDCAD,1.251755,0
2021.08.03 04:29:01.23663390,AUDCAD,0.922355,0
2021.08.03 04:29:01.23663078,AUDCAD,0.9223600000000001,0
2021.08.03 04:29:01.23663265,AUDCAD,0.9223699999999999,0
2021.08.03 04:29:01.23663421,USDCAD,1.25176,0
2021.08.03 04:29:02.23664515,USDCAD,1.251755,0
2021.08.03 04:29:02.23663765,USDCAD,1.25177,0
2021.08.03 04:29:02.23664218,USDCAD,1.251755,0
2021.08.03 04:29:02.23664359,USDCAD,1.25175,0
2021.08.03 04:29:02.23664062,USDCAD,1.25176,0
2021.08.03 04:29:02.23663750,AUDCAD,0.92235,0
2021.08.03 04:29:02.23664250,AUDCAD,0.922355,0
2021.08.03 04:29:03.23665125,AUDCAD,0.922365,0
2021.08.03 04:29:03.23664687,USDCAD,1.25176,0
2021.08.03 04:29:03.23665437,USDCAD,1.251755,0
2021.08.03 04:29:04.23666609,USDCAD,1.25176,0
2021.08.03 04:29:05.23667296,USDCAD,1.251755,0
2021.08.03 04:29:06.23668140,USDCAD,1.25175,0
2021.08.03 04:29:06.23668140,AUDCAD,0.9223600000000001,0
2021.08.03 04:29:07.23669515,USDCAD,1.251755,0
2021.08.03 04:29:07.23669500,AUDCAD,0.922355,0
2021.08.03 04:29:07.23669312,AUDCAD,0.92235,0
2021.08.03 04:29:10.23672125,AUDCAD,0.9223600000000001,0
2021.08.03 04:29:10.23672609,USDCAD,1.25176,0
2021.08.03 04:29:12.23673953,USDCAD,1.251755,0
2021.08.03 04:29:12.23674656,AUDCAD,0.92235,0
2021.08.03 04:29:12.23674140,AUDCAD,0.922365,0
2021.08.03 04:29:12.23673906,AUDCAD,0.92236,0
2021.08.03 04:29:14.23676265,USDCAD,1.25175,0
2021.08.03 04:29:15.23677453,USDCAD,1.251755,0
2021.08.03 04:29:16.23678515,USDCAD,1.25175,0
2021.08.03 04:29:20.23682328,USDCAD,1.251755,0
2021.08.03 04:29:20.23682625,AUDCAD,0.92231,0
2021.08.03 04:29:20.23682421,USDCAD,1.25174,0
2021.08.03 04:29:20.23682328,AUDCAD,0.92233,0
2021.08.03 04:29:20.23682453,AUDCAD,0.92231,0
2021.08.03 04:29:21.23683000,USDCAD,1.25175,0
2021.08.03 04:29:21.23683156,AUDCAD,0.92231,0
2021.08.03 04:29:21.23683046,AUDCAD,0.92232,0
2021.08.03 04:29:21.23683109,USDCAD,1.251745,0
2021.08.03 04:29:21.23682703,USDCAD,1.251745,0
2021.08.03 04:29:21.23683265,USDCAD,1.25174,0
2021.08.03 04:29:22.23683843,USDCAD,1.25175,0
2021.08.03 04:29:22.23683796,AUDCAD,0.9223,0
2021.08.03 04:29:22.23684656,USDCAD,1.251745,0
2021.08.03 04:29:22.23684625,AUDCAD,0.9222900000000001,0
2021.08.03 04:29:22.23684406,AUDCAD,0.9223,0
2021.08.03 04:29:22.23684281,AUDCAD,0.9223049999999999,0
2021.08.03 04:29:23.23684843,AUDCAD,0.9223,0
2021.08.03 04:29:23.23684906,USDCAD,1.251795,0
2021.08.03 04:29:23.23685000,AUDCAD,0.922315,0
2021.08.03 04:29:23.23684843,USDCAD,1.251755,0
2021.08.03 04:29:24.23685765,AUDCAD,0.92231,0
2021.08.03 04:29:24.23685875,USDCAD,1.2518,0
2021.08.03 04:29:24.23686468,AUDCAD,0.9223250000000001,0
2021.08.03 04:29:25.23687281,USDCAD,1.251785,0
2021.08.03 04:29:25.23686875,USDCAD,1.25179,0
2021.08.03 04:29:25.23687343,AUDCAD,0.922315,0
2021.08.03 04:29:25.23686906,AUDCAD,0.92231,0
2021.08.03 04:29:26.23688000,USDCAD,1.251795,0
2021.08.03 04:29:26.23688000,AUDCAD,0.92232,0
2021.08.03 04:29:27.23688750,AUDCAD,0.922315,0
2021.08.03 04:29:27.23688750,USDCAD,1.251785,0
2021.08.03 04:29:28.23690578,USDCAD,1.25178,0
2021.08.03 04:29:28.23690312,USDCAD,1.251775,0
2021.08.03 04:29:28.23690625,AUDCAD,0.92232,0
2021.08.03 04:29:28.23690468,AUDCAD,0.92231,0
2021.08.03 04:29:28.23690359,AUDCAD,0.92232,0
2021.08.03 04:29:28.23690250,AUDCAD,0.92231,0
2021.08.03 04:29:28.23690218,USDCAD,1.25177,0
2021.08.03 04:29:28.23690437,USDCAD,1.25177,0
2021.08.03 04:29:29.23690687,USDCAD,1.25175,0
2021.08.03 04:29:29.23690984,USDCAD,1.25176,0
2021.08.03 04:29:29.23690968,AUDCAD,0.9223049999999999,0
2021.08.03 04:29:29.23691109,AUDCAD,0.92232,0
2021.08.03 04:29:29.23691640,AUDCAD,0.92231,0
2021.08.03 04:29:31.23693296,AUDCAD,0.9223049999999999,0
2021.08.03 04:29:31.23693015,USDCAD,1.251765,0
2021.08.03 04:29:31.23693625,AUDCAD,0.9223,0
2021.08.03 04:29:31.23692750,USDCAD,1.251755,0
2021.08.03 04:29:32.23694578,AUDCAD,0.9223049999999999,0
2021.08.03 04:29:32.23693734,AUDCAD,0.922295,0
2021.08.03 04:29:32.23693734,USDCAD,1.25176,0
2021.08.03 04:29:32.23693921,USDCAD,1.251765,0
2021.08.03 04:29:33.23695156,AUDCAD,0.92231,0
2021.08.03 04:29:34.23696500,USDCAD,1.25175,0
2021.08.03 04:29:34.23695875,USDCAD,1.25176,0
2021.08.03 04:29:34.23695859,AUDCAD,0.92232,0
2021.08.03 04:29:35.23697625,AUDCAD,0.9223250000000001,0
2021.08.03 04:29:36.23697734,AUDCAD,0.9223,0
2021.08.03 04:29:36.23697890,AUDCAD,0.9222950000000001,0
2021.08.03 04:29:36.23698453,USDCAD,1.251755,0
2021.08.03 04:29:36.23697687,USDCAD,1.25176,0
2021.08.03 04:29:39.23700875,USDCAD,1.251765,0
2021.08.03 04:29:40.23702312,USDCAD,1.251755,0
2021.08.03 04:29:41.23703218,USDCAD,1.25176,0
2021.08.03 04:29:41.23703343,AUDCAD,0.9223,0
2021.08.03 04:29:41.23703218,AUDCAD,0.922275,0
2021.08.03 04:29:41.23703343,USDCAD,1.25175,0
2021.08.03 04:29:41.23703609,USDCAD,1.251785,0
2021.08.03 04:29:42.23704078,AUDCAD,0.922285,0
2021.08.03 04:29:42.23703875,USDCAD,1.251765,0
2021.08.03 04:29:43.23705343,USDCAD,1.251755,0
2021.08.03 04:29:43.23705250,USDCAD,1.25176,0
2021.08.03 04:29:44.23706109,USDCAD,1.251775,0
2021.08.03 04:29:44.23705968,USDCAD,1.25177,0
2021.08.03 04:29:44.23705875,USDCAD,1.25176,0
2021.08.03 04:29:44.23706234,USDCAD,1.25179,0
2021.08.03 04:29:44.23705968,AUDCAD,0.9222399999999999,0
2021.08.03 04:29:44.23706515,AUDCAD,0.9223049999999999,0
2021.08.03 04:29:44.23706359,USDCAD,1.251775,0
2021.08.03 04:29:44.23705875,AUDCAD,0.92228,0
2021.08.03 04:29:44.23706562,USDCAD,1.251785,0
2021.08.03 04:29:44.23706140,AUDCAD,0.922245,0
2021.08.03 04:29:44.23706468,USDCAD,1.25177,0
2021.08.03 04:29:44.23706390,AUDCAD,0.9222900000000001,0
2021.08.03 04:29:44.23706250,AUDCAD,0.9223250000000001,0
2021.08.03 04:29:45.23706781,AUDCAD,0.92231,0
2021.08.03 04:29:45.23707328,AUDCAD,0.922315,0
2021.08.03 04:29:45.23707187,AUDCAD,0.9223,0
2021.08.03 04:29:45.23707359,USDCAD,1.25176,0
2021.08.03 04:29:45.23707562,AUDCAD,0.92235,0
2021.08.03 04:29:45.23706984,AUDCAD,0.922315,0
2021.08.03 04:29:45.23707625,USDCAD,1.25177,0
2021.08.03 04:29:45.23707500,USDCAD,1.25177,0
2021.08.03 04:29:45.23707437,AUDCAD,0.9224399999999999,0
2021.08.03 04:29:45.23707656,AUDCAD,0.922355,0
2021.08.03 04:29:46.23708031,USDCAD,1.251765,0
2021.08.03 04:29:46.23708484,AUDCAD,0.922465,0
2021.08.03 04:29:46.23708281,AUDCAD,0.922355,0
2021.08.03 04:29:46.23708171,AUDCAD,0.922285,0
2021.08.03 04:29:46.23708078,AUDCAD,0.9223049999999999,0
2021.08.03 04:29:46.23707765,AUDCAD,0.92232,0
2021.08.03 04:29:46.23707906,AUDCAD,0.9223349999999999,0
2021.08.03 04:29:46.23708140,USDCAD,1.25179,0
2021.08.03 04:29:46.23708265,USDCAD,1.25176,0
2021.08.03 04:29:46.23708500,USDCAD,1.251775,0
2021.08.03 04:29:46.23708609,USDCAD,1.251765,0
2021.08.03 04:29:47.23709625,USDCAD,1.25175,0
2021.08.03 04:29:47.23708953,USDCAD,1.25176,0
2021.08.03 04:29:47.23709203,USDCAD,1.25175,0
2021.08.03 04:29:47.23709406,USDCAD,1.25176,0
2021.08.03 04:29:47.23709625,AUDCAD,0.922465,0
2021.08.03 04:29:47.23708734,USDCAD,1.251745,0
2021.08.03 04:29:47.23708843,USDCAD,1.251755,0
2021.08.03 04:29:47.23708671,AUDCAD,0.92241,0
2021.08.03 04:29:47.23708843,AUDCAD,0.922465,0
2021.08.03 04:29:47.23709421,AUDCAD,0.922455,0
2021.08.03 04:29:48.23709906,USDCAD,1.251755,0
2021.08.03 04:29:48.23710453,AUDCAD,0.92243,0
2021.08.03 04:29:48.23710609,AUDCAD,0.9224399999999999,0
2021.08.03 04:29:48.23709796,USDCAD,1.25177,0
2021.08.03 04:29:48.23710281,AUDCAD,0.92248,0
2021.08.03 04:29:48.23709843,AUDCAD,0.9224399999999999,0
2021.08.03 04:29:48.23710109,AUDCAD,0.9224600000000001,0
2021.08.03 04:29:49.23711250,USDCAD,1.251775,0
2021.08.03 04:29:49.23710812,USDCAD,1.251755,0
2021.08.03 04:29:49.23711375,USDCAD,1.25178,0
2021.08.03 04:29:49.23711515,AUDCAD,0.922365,0
2021.08.03 04:29:49.23711140,AUDCAD,0.92243,0
2021.08.03 04:29:49.23711234,AUDCAD,0.9223950000000001,0
2021.08.03 04:29:49.23711390,AUDCAD,0.9223600000000001,0
2021.08.03 04:29:49.23710781,AUDCAD,0.922435,0
2021.08.03 04:29:49.23711656,AUDCAD,0.922295,0
2021.08.03 04:29:49.23711593,USDCAD,1.25178,0
2021.08.03 04:29:49.23711484,USDCAD,1.25176,0
2021.08.03 04:29:49.23710906,USDCAD,1.251745,0
2021.08.03 04:29:49.23711140,USDCAD,1.25175,0
2021.08.03 04:29:49.23711015,USDCAD,1.251755,0
2021.08.03 04:29:50.23712531,USDCAD,1.251775,0
2021.08.03 04:29:50.23712484,AUDCAD,0.9222399999999999,0
2021.08.03 04:29:50.23712265,AUDCAD,0.922265,0
2021.08.03 04:29:50.23711750,USDCAD,1.25177,0
2021.08.03 04:29:51.23713109,AUDCAD,0.922255,0
2021.08.03 04:29:51.23713656,USDCAD,1.25178,0
2021.08.03 04:29:51.23712781,AUDCAD,0.92225,0
2021.08.03 04:29:51.23713468,USDCAD,1.25176,0
2021.08.03 04:29:51.23712968,USDCAD,1.25177,0
2021.08.03 04:29:51.23712796,USDCAD,1.251775,0
2021.08.03 04:29:51.23713218,USDCAD,1.25178,0
2021.08.03 04:29:51.23713328,USDCAD,1.25177,0
2021.08.03 04:29:51.23712687,USDCAD,1.25178,0
2021.08.03 04:29:52.23713781,USDCAD,1.25178,0
2021.08.03 04:29:52.23713812,AUDCAD,0.922115,0
2021.08.03 04:29:52.23713890,USDCAD,1.2518,0
2021.08.03 04:29:52.23714484,USDCAD,1.25178,0
2021.08.03 04:29:52.23713671,AUDCAD,0.92225,0
2021.08.03 04:29:52.23713937,AUDCAD,0.922125,0
2021.08.03 04:29:52.23714171,AUDCAD,0.9221200000000001,0
2021.08.03 04:29:52.23714484,AUDCAD,0.922105,0
2021.08.03 04:29:52.23714171,USDCAD,1.251785,0
2021.08.03 04:29:53.23715453,USDCAD,1.251785,0
2021.08.03 04:29:53.23715093,USDCAD,1.251785,0
2021.08.03 04:29:53.23715203,USDCAD,1.25178,0
2021.08.03 04:29:53.23715578,USDCAD,1.25178,0
2021.08.03 04:29:53.23714890,USDCAD,1.25178,0
2021.08.03 04:29:53.23714718,USDCAD,1.251785,0
2021.08.03 04:29:53.23715421,AUDCAD,0.9220900000000001,0
2021.08.03 04:29:54.23716218,AUDCAD,0.9222699999999999,0
2021.08.03 04:29:54.23715718,USDCAD,1.251785,0
2021.08.03 04:29:54.23716453,AUDCAD,0.922295,0
2021.08.03 04:29:54.23715921,AUDCAD,0.9221550000000001,0
2021.08.03 04:29:54.23716328,AUDCAD,0.9222900000000001,0
2021.08.03 04:29:54.23716328,USDCAD,1.25178,0
2021.08.03 04:29:54.23716640,AUDCAD,0.9222699999999999,0
2021.08.03 04:29:54.23716000,AUDCAD,0.92225,0
2021.08.03 04:29:54.23716453,USDCAD,1.25178,0
2021.08.03 04:29:54.23716656,USDCAD,1.2518,0
2021.08.03 04:29:54.23715750,AUDCAD,0.922165,0
2021.08.03 04:29:55.23717171,AUDCAD,0.9224300000000001,0
2021.08.03 04:29:55.23716765,AUDCAD,0.922285,0
2021.08.03 04:29:55.23717312,USDCAD,1.25185,0
2021.08.03 04:29:55.23717562,USDCAD,1.251855,0
2021.08.03 04:29:55.23716765,USDCAD,1.251815,0
2021.08.03 04:29:55.23717062,AUDCAD,0.9223300000000001,0
2021.08.03 04:29:55.23717515,AUDCAD,0.92236,0
2021.08.03 04:29:55.23717312,AUDCAD,0.9224,0
2021.08.03 04:29:55.23717015,USDCAD,1.251845,0
2021.08.03 04:29:56.23718234,AUDCAD,0.9223399999999999,0
2021.08.03 04:29:56.23717671,USDCAD,1.25186,0
2021.08.03 04:29:56.23717937,USDCAD,1.25186,0
2021.08.03 04:29:56.23718062,USDCAD,1.251845,0
2021.08.03 04:29:56.23718281,USDCAD,1.25185,0
2021.08.03 04:29:56.23718359,USDCAD,1.251795,0
2021.08.03 04:29:56.23718546,USDCAD,1.25184,0
2021.08.03 04:29:56.23718359,AUDCAD,0.92241,0
2021.08.03 04:29:56.23717859,AUDCAD,0.9223049999999999,0
2021.08.03 04:29:56.23718000,AUDCAD,0.922365,0
2021.08.03 04:29:57.23718937,USDCAD,1.25184,0
2021.08.03 04:29:57.23719484,AUDCAD,0.9223749999999999,0
2021.08.03 04:29:57.23719640,AUDCAD,0.92238,0
2021.08.03 04:29:57.23718765,AUDCAD,0.9223399999999999,0
2021.08.03 04:29:57.23719375,USDCAD,1.251845,0
2021.08.03 04:29:57.23718765,USDCAD,1.25181,0
2021.08.03 04:29:57.23719296,AUDCAD,0.922295,0
2021.08.03 04:29:58.23720546,AUDCAD,0.922385,0
2021.08.03 04:29:58.23720640,USDCAD,1.251855,0
2021.08.03 04:29:58.23720515,USDCAD,1.251845,0
2021.08.03 04:29:58.23720218,USDCAD,1.251815,0
2021.08.03 04:29:58.23719718,USDCAD,1.25181,0
2021.08.03 04:29:58.23719765,AUDCAD,0.9223749999999999,0
2021.08.03 04:29:59.23720812,AUDCAD,0.922405,0
2021.08.03 04:29:59.23721281,AUDCAD,0.9223749999999999,0
2021.08.03 04:29:59.23721109,AUDCAD,0.92238,0
2021.08.03 04:29:59.23720984,USDCAD,1.251845,0
2021.08.03 04:29:59.23720671,AUDCAD,0.92239,0
2021.08.03 04:29:59.23721609,AUDCAD,0.922385,0
2021.08.03 04:30:00.23722625,USDCAD,1.25184,0
2021.08.03 04:30:00.23721765,USDCAD,1.251855,0
2021.08.03 04:30:00.23721968,USDCAD,1.25184,0
2021.08.03 04:30:00.23722296,USDCAD,1.25185,0
2021.08.03 04:30:00.23722125,USDCAD,1.251855,0
2021.08.03 04:30:01.23722859,USDCAD,1.25185,0
2021.08.03 04:30:01.23723468,AUDCAD,0.922345,0
2021.08.03 04:30:01.23723234,AUDCAD,0.922365,0
2021.08.03 04:30:01.23723046,USDCAD,1.25184,0
2021.08.03 04:30:01.23722718,USDCAD,1.251845,0
2021.08.03 04:30:02.23724203,AUDCAD,0.92232,0
2021.08.03 04:30:02.23723890,USDCAD,1.25183,0
2021.08.03 04:30:02.23723890,AUDCAD,0.9223349999999999,0
2021.08.03 04:30:02.23724250,USDCAD,1.251815,0
2021.08.03 04:30:02.23724078,USDCAD,1.25182,0
2021.08.03 04:30:03.23725250,USDCAD,1.25182,0
2021.08.03 04:30:04.23726437,AUDCAD,0.92231,0
2021.08.03 04:30:04.23726468,USDCAD,1.251845,0
2021.08.03 04:30:05.23726750,USDCAD,1.25185,0
2021.08.03 04:30:06.23728125,AUDCAD,0.9222600000000001,0
2021.08.03 04:30:08.23730078,USDCAD,1.251845,0
2021.08.03 04:30:08.23730625,USDCAD,1.25184,0
2021.08.03 04:30:10.23732359,USDCAD,1.251835,0
2021.08.03 04:30:10.23731828,USDCAD,1.251845,0
2021.08.03 04:30:11.23732765,USDCAD,1.25184,0
2021.08.03 04:30:15.23737156,AUDCAD,0.922285,0
2021.08.03 04:30:15.23736984,AUDCAD,0.9222900000000001,0
2021.08.03 04:30:16.23738187,AUDCAD,0.922275,0
2021.08.03 04:30:17.23739562,USDCAD,1.251845,0
2021.08.03 04:30:17.23739609,AUDCAD,0.922285,0
2021.08.03 04:30:18.23739843,USDCAD,1.251855,0
2021.08.03 04:30:19.23741234,AUDCAD,0.922275,0
2021.08.03 04:30:19.23741250,USDCAD,1.251835,0
2021.08.03 04:30:20.23742546,AUDCAD,0.92232,0
2021.08.03 04:30:22.23744453,AUDCAD,0.92233,0
2021.08.03 04:30:22.23744328,AUDCAD,0.9223250000000001,0
2021.08.03 04:30:22.23744562,AUDCAD,0.922335,0
2021.08.03 04:30:22.23744656,USDCAD,1.251775,0
2021.08.03 04:30:22.23744406,USDCAD,1.25181,0
2021.08.03 04:30:22.23743953,AUDCAD,0.9223250000000001,0
2021.08.03 04:30:23.23745171,USDCAD,1.25178,0
2021.08.03 04:30:23.23745156,AUDCAD,0.92233,0
2021.08.03 04:30:23.23744921,USDCAD,1.251775,0
2021.08.03 04:30:23.23745375,AUDCAD,0.9223250000000001,0
2021.08.03 04:30:23.23744796,USDCAD,1.25177,0
2021.08.03 04:30:23.23745468,AUDCAD,0.92232,0
2021.08.03 04:30:23.23745390,USDCAD,1.251795,0
2021.08.03 04:30:23.23745593,AUDCAD,0.922315,0
2021.08.03 04:30:23.23745562,USDCAD,1.251815,0
2021.08.03 04:30:24.23746453,AUDCAD,0.922625,0
2021.08.03 04:30:24.23746578,AUDCAD,0.922695,0
2021.08.03 04:30:24.23745875,AUDCAD,0.92238,0
2021.08.03 04:30:24.23745718,USDCAD,1.25179,0
